<?xml version="1.0" encoding="UTF-8"?>
<!DOCTYPE html PUBLIC "-//W3C//DTD XHTML 1.0 Transitional//EN"
    "http://www.w3.org/TR/xhtml1/DTD/xhtml1-transitional.dtd">
<html xmlns="http://www.w3.org/1999/xhtml" xml:lang="en" lang="en">
 <head>
  <title>
</title>
<meta http-equiv="Content-Type" content="text/html;charset=utf-8" />
  <meta name='ocr-system' content='tesseract 3.04.00' />
  <meta name='ocr-capabilities' content='ocr_page ocr_carea ocr_par ocr_line ocrx_word'/>
</head>
<body>
  <div class='ocr_page' id='page_1' title='image "4768946_0017.png"; bbox 0 0 2723 3438; ppageno 0'>
   <div class='ocr_carea' id='block_1_1' title="bbox 1348 260 1381 296">
    <p class='ocr_par' dir='ltr' id='par_1_1' title="bbox 1348 260 1381 296">
     <span class='ocr_line' id='line_1_1' title="bbox 1348 260 1381 296; baseline 0 0"><span class='ocrx_word' id='word_1_1' title='bbox 1348 260 1381 296; x_wconf 72' lang='lat'><strong>¹7</strong></span> 
     </span>
    </p>
   </div>
   <div class='ocr_carea' id='block_1_2' title="bbox 1244 311 1481 317">
    <p class='ocr_par' dir='ltr' id='par_1_2' title="bbox 1244 311 1481 317">
     <span class='ocr_line' id='line_1_2' title="bbox 1244 311 1481 317; baseline 0 0"><span class='ocrx_word' id='word_1_2' title='bbox 1244 311 1481 317; x_wconf 95' lang='lat' dir='ltr'><strong> </strong></span> 
     </span>
    </p>
   </div>
   <div class='ocr_carea' id='block_1_3' title="bbox 292 401 2437 527">
    <p class='ocr_par' dir='ltr' id='par_1_3' title="bbox 292 401 2437 527">
     <span class='ocr_line' id='line_1_3' title="bbox 292 401 2437 460; baseline 0 -17"><span class='ocrx_word' id='word_1_3' title='bbox 292 408 389 460; x_wconf 81' lang='grc' dir='ltr'><strong><em>ἰαχὴ</em></strong></span> <span class='ocrx_word' id='word_1_4' title='bbox 423 408 471 453; x_wconf 83' lang='grc' dir='ltr'><strong>σὴ</strong></span> <span class='ocrx_word' id='word_1_5' title='bbox 500 407 637 452; x_wconf 80' lang='grc' dir='ltr'><strong><em>ἄδικος</em></strong></span> <span class='ocrx_word' id='word_1_6' title='bbox 656 425 727 451; x_wconf 90' lang='lat'><strong>-,</strong></span> <span class='ocrx_word' id='word_1_7' title='bbox 767 406 863 445; x_wconf 82' lang='lat' dir='ltr'><strong>Plat.</strong></span> <span class='ocrx_word' id='word_1_8' title='bbox 889 404 1002 444; x_wconf 80' lang='lat' dir='ltr'><strong>Laoh.</strong></span> <span class='ocrx_word' id='word_1_9' title='bbox 1030 416 1066 453; x_wconf 82' lang='lat' dir='ltr'><strong>p.</strong></span> <span class='ocrx_word' id='word_1_10' title='bbox 1099 401 1183 442; x_wconf 81' lang='lat'><strong>194.</strong></span> <span class='ocrx_word' id='word_1_11' title='bbox 1227 401 1461 449; x_wconf 78' lang='grc' dir='ltr'><strong><em>”Ηκουσάς,</em></strong></span> <span class='ocrx_word' id='word_1_12' title='bbox 1496 402 1527 442; x_wconf 72' lang='grc' dir='ltr'><strong><em>ὦ</em></strong></span> <span class='ocrx_word' id='word_1_13' title='bbox 1552 403 1712 454; x_wconf 71' lang='grc' dir='ltr'><strong><em>Λάχηςς</em></strong></span> <span class='ocrx_word' id='word_1_14' title='bbox 1741 425 1790 434; x_wconf 92' lang='grc'>-</span> <span class='ocrx_word' id='word_1_15' title='bbox 1820 403 1995 455; x_wconf 76' lang='grc' dir='ltr'><strong><em>Ἔγωγε,</em></strong></span> <span class='ocrx_word' id='word_1_16' title='bbox 2034 405 2102 442; x_wconf 81' lang='grc' dir='ltr'><strong>καὶ</strong></span> <span class='ocrx_word' id='word_1_17' title='bbox 2143 407 2191 442; x_wconf 88' lang='grc' dir='ltr'><strong>οὐ</strong></span> <span class='ocrx_word' id='word_1_18' title='bbox 2232 406 2437 458; x_wconf 77' lang='grc' dir='ltr'><strong><em>σφόδραγε</em></strong></span> 
     </span>
     <span class='ocr_line' id='line_1_4' title="bbox 292 474 1922 527; baseline -0.001 -12"><span class='ocrx_word' id='word_1_19' title='bbox 292 478 509 527; x_wconf 57' lang='grc' dir='ltr'><strong><em>μανθάνω,</em></strong></span> <span class='ocrx_word' id='word_1_20' title='bbox 539 477 560 513; x_wconf 88' lang='grc' dir='ltr'>ὃ</span> <span class='ocrx_word' id='word_1_21' title='bbox 587 476 703 526; x_wconf 67' lang='grc' dir='ltr'><em>λέγει.</em></span> <span class='ocrx_word' id='word_1_22' title='bbox 757 475 800 514; x_wconf 90' lang='lat' dir='ltr'><strong>In</strong></span> <span class='ocrx_word' id='word_1_23' title='bbox 828 476 886 513; x_wconf 88' lang='lat' dir='ltr'><strong>his</strong></span> <span class='ocrx_word' id='word_1_24' title='bbox 913 475 1084 517; x_wconf 86' lang='lat' dir='ltr'><strong>omnibus</strong></span> <span class='ocrx_word' id='word_1_25' title='bbox 1109 474 1224 512; x_wconf 83' lang='lat' dir='ltr'><strong>simul</strong></span> <span class='ocrx_word' id='word_1_26' title='bbox 1251 474 1404 523; x_wconf 77' lang='lat' dir='ltr'><strong>copulae</strong></span> <span class='ocrx_word' id='word_1_27' title='bbox 1431 480 1487 512; x_wconf 84' lang='lat' dir='ltr'><strong>est</strong></span> <span class='ocrx_word' id='word_1_28' title='bbox 1511 474 1570 511; x_wconf 82' lang='lat' dir='ltr'><strong>vis</strong></span> <span class='ocrx_word' id='word_1_29' title='bbox 1596 475 1922 513; x_wconf 83' lang='lat' dir='ltr'><strong>adversativa.</strong></span> 
     </span>
    </p>
   </div>
   <div class='ocr_carea' id='block_1_4' title="bbox 289 560 2441 765">
    <p class='ocr_par' dir='ltr' id='par_1_4' title="bbox 289 560 2441 765">
     <span class='ocr_line' id='line_1_5' title="bbox 442 560 2441 614; baseline 0.001 -12"><span class='ocrx_word' id='word_1_30' title='bbox 442 562 680 603; x_wconf 70' lang='lat' dir='ltr'>convertenti</span> <span class='ocrx_word' id='word_1_31' title='bbox 703 564 770 601; x_wconf 87' lang='lat' dir='ltr'><strong>hos</strong></span> <span class='ocrx_word' id='word_1_32' title='bbox 798 574 929 601; x_wconf 88' lang='lat' dir='ltr'><strong>versus</strong></span> <span class='ocrx_word' id='word_1_33' title='bbox 965 562 1232 601; x_wconf 72' lang='lat' dir='ltr'><strong>obversabatur</strong></span> <span class='ocrx_word' id='word_1_34' title='bbox 1264 561 1387 599; x_wconf 86' lang='lat' dir='ltr'><strong>animo</strong></span> <span class='ocrx_word' id='word_1_35' title='bbox 1420 560 1552 599; x_wconf 81' lang='lat' dir='ltr'><strong>Claud.</strong></span> <span class='ocrx_word' id='word_1_36' title='bbox 1593 561 1751 599; x_wconf 87' lang='lat' dir='ltr'><strong>dictum:</strong></span> <span class='ocrx_word' id='word_1_37' title='bbox 1793 562 1887 606; x_wconf 85' lang='lat' dir='ltr'><strong>„Est</strong></span> <span class='ocrx_word' id='word_1_38' title='bbox 1924 563 2014 599; x_wconf 88' lang='lat' dir='ltr'><strong>mihi</strong></span> <span class='ocrx_word' id='word_1_39' title='bbox 2051 564 2261 614; x_wconf 86' lang='lat' dir='ltr'><strong>prodigium</strong></span> <span class='ocrx_word' id='word_1_40' title='bbox 2297 566 2441 603; x_wconf 88' lang='lat' dir='ltr'><strong>eunctis</strong></span> 
     </span>
     <span class='ocr_line' id='line_1_6' title="bbox 289 632 2439 685; baseline -0 -10"><span class='ocrx_word' id='word_1_41' title='bbox 289 634 489 675; x_wconf 82' lang='lat' dir='ltr'><strong>immanius</strong></span> <span class='ocrx_word' id='word_1_42' title='bbox 516 634 683 684; x_wconf 79' lang='lat' dir='ltr'><strong>hydris“.</strong></span> <span class='ocrx_word' id='word_1_43' title='bbox 701 656 749 663; x_wconf 94' lang='lat'><strong>—</strong></span> <span class='ocrx_word' id='word_1_44' title='bbox 779 634 919 673; x_wconf 88' lang='lat' dir='ltr'><strong>Ultima</strong></span> <span class='ocrx_word' id='word_1_45' title='bbox 945 632 1089 682; x_wconf 75' lang='lat' dir='ltr'>syllaba</span> <span class='ocrx_word' id='word_1_46' title='bbox 1114 642 1246 669; x_wconf 87' lang='lat' dir='ltr'><strong>versus</strong></span> <span class='ocrx_word' id='word_1_47' title='bbox 1270 632 1308 670; x_wconf 80' lang='lat'><strong>2.</strong></span> <span class='ocrx_word' id='word_1_48' title='bbox 1335 632 1460 671; x_wconf 86' lang='lat' dir='ltr'><strong>brevis</strong></span> <span class='ocrx_word' id='word_1_49' title='bbox 1488 632 1655 682; x_wconf 87' lang='lat' dir='ltr'><strong>quidem,</strong></span> <span class='ocrx_word' id='word_1_50' title='bbox 1695 633 1756 669; x_wconf 82' lang='lat' dir='ltr'><strong>sed</strong></span> <span class='ocrx_word' id='word_1_51' title='bbox 1784 634 1865 670; x_wconf 89' lang='lat' dir='ltr'><strong>sine</strong></span> <span class='ocrx_word' id='word_1_52' title='bbox 1901 633 2015 671; x_wconf 86' lang='lat' dir='ltr'><strong>dubio</strong></span> <span class='ocrx_word' id='word_1_53' title='bbox 2049 633 2292 682; x_wconf 77' lang='lat' dir='ltr'><strong>admittenda,</strong></span> <span class='ocrx_word' id='word_1_54' title='bbox 2327 647 2439 685; x_wconf 87' lang='lat' dir='ltr'><strong>quum</strong></span> 
     </span>
     <span class='ocr_line' id='line_1_7' title="bbox 290 700 2274 765; baseline -0.001 -21"><span class='ocrx_word' id='word_1_55' title='bbox 290 706 324 744; x_wconf 88' lang='lat' dir='ltr'><strong>is</strong></span> <span class='ocrx_word' id='word_1_56' title='bbox 349 716 392 744; x_wconf 80' lang='lat' dir='ltr'><strong>ea</strong></span> <span class='ocrx_word' id='word_1_57' title='bbox 419 705 646 745; x_wconf 72' lang='lat' dir='ltr'><strong>terminetur.</strong></span> <span class='ocrx_word' id='word_1_58' title='bbox 698 703 983 765; x_wconf 82' lang='lat' dir='ltr'><strong>Comparativus</strong></span> <span class='ocrx_word' id='word_1_59' title='bbox 1011 700 1115 741; x_wconf 84' lang='lat' dir='ltr'><strong>verbi</strong></span> <span class='ocrx_word' id='word_1_60' title='bbox 1141 701 1462 752; x_wconf 81' lang='lat' dir='ltr'><strong>prodigiosus</strong></span> <span class='ocrx_word' id='word_1_61' title='bbox 1489 702 1733 749; x_wconf 89' lang='lat' dir='ltr'><strong>insolentior,</strong></span> <span class='ocrx_word' id='word_1_62' title='bbox 1760 703 1843 751; x_wconf 80' lang='lat' dir='ltr'><strong>sed,</strong></span> <span class='ocrx_word' id='word_1_63' title='bbox 1871 703 2000 751; x_wconf 50' lang='lat' dir='ltr'><strong>credo.</strong></span> <span class='ocrx_word' id='word_1_64' title='bbox 2029 704 2274 744; x_wconf 86' lang='lat' dir='ltr'><strong>excusandus.</strong></span> 
     </span>
    </p>
   </div>
   <div class='ocr_carea' id='block_1_5' title="bbox 290 775 2440 1271">
    <p class='ocr_par' dir='ltr' id='par_1_5' title="bbox 290 775 2440 1271">
     <span class='ocr_line' id='line_1_8' title="bbox 444 775 2437 841; baseline 0 -11"><span class='ocrx_word' id='word_1_65' title='bbox 444 802 478 830; x_wconf 72' lang='lat' dir='ltr'><strong>t·-</strong></span> <span class='ocrx_word' id='word_1_66' title='bbox 506 790 548 828; x_wconf 86' lang='lat'><strong>3.</strong></span> <span class='ocrx_word' id='word_1_67' title='bbox 600 794 721 827; x_wconf 83' lang='grc' dir='ltr'><strong><em>τοῦτο</em></strong></span> <span class='ocrx_word' id='word_1_68' title='bbox 757 790 826 828; x_wconf 90' lang='lat' dir='ltr'><strong>hoc</strong></span> <span class='ocrx_word' id='word_1_69' title='bbox 860 800 912 827; x_wconf 86' lang='lat' dir='ltr'><strong>sc.</strong></span> <span class='ocrx_word' id='word_1_70' title='bbox 948 788 1106 827; x_wconf 78' lang='lat' dir='ltr'>maxime</span> <span class='ocrx_word' id='word_1_71' title='bbox 1141 788 1305 826; x_wconf 88' lang='lat' dir='ltr'><strong>omnium</strong></span> <span class='ocrx_word' id='word_1_72' title='bbox 1333 787 1607 839; x_wconf 88' lang='lat' dir='ltr'><strong>prodigiosum,</strong></span> <span class='ocrx_word' id='word_1_73' title='bbox 1644 775 1731 825; x_wconf 79' lang='lat' dir='ltr'><strong>haec</strong></span> <span class='ocrx_word' id='word_1_74' title='bbox 1758 793 1890 826; x_wconf 84' lang='lat' dir='ltr'><strong>natura</strong></span> <span class='ocrx_word' id='word_1_75' title='bbox 1917 800 1965 827; x_wconf 90' lang='lat' dir='ltr'><strong>m.</strong></span> <span class='ocrx_word' id='word_1_76' title='bbox 1990 801 2026 828; x_wconf 86' lang='lat' dir='ltr'><strong>o.</strong></span> <span class='ocrx_word' id='word_1_77' title='bbox 2054 789 2292 841; x_wconf 85' lang='lat' dir='ltr'><strong>prodigiosa,</strong></span> <span class='ocrx_word' id='word_1_78' title='bbox 2319 798 2355 830; x_wconf 89' lang='lat' dir='ltr'><strong>et</strong></span> <span class='ocrx_word' id='word_1_79' title='bbox 2380 798 2437 831; x_wconf 85' lang='lat' dir='ltr'><strong>est</strong></span> 
     </span>
     <span class='ocr_line' id='line_1_9' title="bbox 290 858 2439 912; baseline 0.001 -14"><span class='ocrx_word' id='word_1_80' title='bbox 290 863 395 911; x_wconf 80' lang='lat' dir='ltr'><strong>quasi</strong></span> <span class='ocrx_word' id='word_1_81' title='bbox 423 862 472 898; x_wconf 85' lang='grc' dir='ltr'><strong>τὸ</strong></span> <span class='ocrx_word' id='word_1_82' title='bbox 501 861 632 911; x_wconf 81' lang='grc' dir='ltr'><strong>πέλωρ</strong></span> <span class='ocrx_word' id='word_1_83' title='bbox 660 874 704 899; x_wconf 88' lang='lat' dir='ltr'><strong>ex</strong></span> <span class='ocrx_word' id='word_1_84' title='bbox 732 862 843 898; x_wconf 86' lang='lat' dir='ltr'><strong>verbo</strong></span> <span class='ocrx_word' id='word_1_85' title='bbox 871 860 986 895; x_wconf 77' lang='grc' dir='ltr'><strong>πόλει</strong></span> <span class='ocrx_word' id='word_1_86' title='bbox 1012 860 1266 908; x_wconf 84' lang='lat' dir='ltr'><strong>cogitandum,</strong></span> <span class='ocrx_word' id='word_1_87' title='bbox 1298 858 1515 908; x_wconf 80' lang='lat' dir='ltr'><strong>quamquam</strong></span> <span class='ocrx_word' id='word_1_88' title='bbox 1541 870 1616 895; x_wconf 89' lang='lat' dir='ltr'><strong>non</strong></span> <span class='ocrx_word' id='word_1_89' title='bbox 1643 859 1901 907; x_wconf 88' lang='lat' dir='ltr'><strong>supplendum.</strong></span> <span class='ocrx_word' id='word_1_90' title='bbox 1956 860 2143 897; x_wconf 83' lang='lat' dir='ltr'><strong>Seidlerus</strong></span> <span class='ocrx_word' id='word_1_91' title='bbox 2163 862 2266 899; x_wconf 88' lang='lat' dir='ltr'><strong>iubet</strong></span> <span class='ocrx_word' id='word_1_92' title='bbox 2283 873 2439 912; x_wconf 87' lang='lat' dir='ltr'><strong>compa-</strong></span> 
     </span>
     <span class='ocr_line' id='line_1_10' title="bbox 291 927 2440 980; baseline 0 -10"><span class='ocrx_word' id='word_1_93' title='bbox 291 933 365 970; x_wconf 86' lang='lat' dir='ltr'><strong>rari</strong></span> <span class='ocrx_word' id='word_1_94' title='bbox 395 932 585 970; x_wconf 78' lang='lat' dir='ltr'><strong>Theocriti</strong></span> <span class='ocrx_word' id='word_1_95' title='bbox 614 931 726 980; x_wconf 87' lang='lat' dir='ltr'><strong>(XV.</strong></span> <span class='ocrx_word' id='word_1_96' title='bbox 755 928 828 979; x_wconf 89' lang='lat'><strong>83)</strong></span> <span class='ocrx_word' id='word_1_97' title='bbox 857 930 1013 968; x_wconf 88' lang='lat' dir='ltr'><strong>dictum:</strong></span> <span class='ocrx_word' id='word_1_98' title='bbox 1047 927 1179 980; x_wconf 80' lang='grc' dir='ltr'><strong><em>σοφόν</em></strong></span> <span class='ocrx_word' id='word_1_99' title='bbox 1205 942 1249 965; x_wconf 78' lang='grc' dir='ltr'><strong>τι</strong></span> <span class='ocrx_word' id='word_1_100' title='bbox 1276 929 1392 978; x_wconf 78' lang='grc' dir='ltr'>χρῆμ’</span> <span class='ocrx_word' id='word_1_101' title='bbox 1419 929 1643 979; x_wconf 57' lang='grc' dir='ltr'><strong><em>ὥνθρωπος.</em></strong></span> <span class='ocrx_word' id='word_1_102' title='bbox 1698 928 1868 967; x_wconf 87' lang='lat' dir='ltr'><strong>Ceterum</strong></span> <span class='ocrx_word' id='word_1_103' title='bbox 1908 930 2073 968; x_wconf 85' lang='lat' dir='ltr'><strong>videatur</strong></span> <span class='ocrx_word' id='word_1_104' title='bbox 2109 931 2236 970; x_wconf 85' lang='lat' dir='ltr'><strong>Herm.</strong></span> <span class='ocrx_word' id='word_1_105' title='bbox 2274 940 2309 971; x_wconf 88' lang='lat' dir='ltr'><strong>et</strong></span> <span class='ocrx_word' id='word_1_106' title='bbox 2346 934 2440 971; x_wconf 83' lang='lat' dir='ltr'><strong>locis</strong></span> 
     </span>
     <span class='ocr_line' id='line_1_11' title="bbox 290 998 2438 1052; baseline 0 -13"><span class='ocrx_word' id='word_1_107' title='bbox 290 1003 336 1040; x_wconf 83' lang='lat' dir='ltr'><strong>ab</strong></span> <span class='ocrx_word' id='word_1_108' title='bbox 364 1002 432 1040; x_wconf 91' lang='lat' dir='ltr'><strong>hoc</strong></span> <span class='ocrx_word' id='word_1_109' title='bbox 458 1001 633 1039; x_wconf 82' lang='lat' dir='ltr'><strong>exhibitis</strong></span> <span class='ocrx_word' id='word_1_110' title='bbox 660 1000 814 1038; x_wconf 80' lang='lat' dir='ltr'><strong>addatur</strong></span> <span class='ocrx_word' id='word_1_111' title='bbox 839 1000 935 1038; x_wconf 86' lang='lat' dir='ltr'><strong>Plat.</strong></span> <span class='ocrx_word' id='word_1_112' title='bbox 965 1000 1121 1050; x_wconf 86' lang='lat' dir='ltr'><strong>Republ.</strong></span> <span class='ocrx_word' id='word_1_113' title='bbox 1147 998 1196 1039; x_wconf 86' lang='grc' dir='ltr'><strong>Π.</strong></span> <span class='ocrx_word' id='word_1_114' title='bbox 1224 1012 1260 1049; x_wconf 87' lang='lat' dir='ltr'><strong>p.</strong></span> <span class='ocrx_word' id='word_1_115' title='bbox 1288 998 1378 1038; x_wconf 80' lang='lat'><strong>373.</strong></span> <span class='ocrx_word' id='word_1_116' title='bbox 1407 1011 1440 1037; x_wconf 87' lang='lat' dir='ltr'><strong>c.</strong></span> <span class='ocrx_word' id='word_1_117' title='bbox 1476 999 1540 1035; x_wconf 76' lang='grc' dir='ltr'><strong>ἔτι</strong></span> <span class='ocrx_word' id='word_1_118' title='bbox 1574 998 1641 1034; x_wconf 76' lang='grc' dir='ltr'><strong>καὶ</strong></span> <span class='ocrx_word' id='word_1_119' title='bbox 1678 999 1868 1048; x_wconf 80' lang='grc' dir='ltr'><strong><em>συβωτῶν</em></strong></span> <span class='ocrx_word' id='word_1_120' title='bbox 1908 1000 2269 1052; x_wconf 58' lang='grc' dir='ltr'><strong><em>προσδεησόμεθα,</em></strong></span> <span class='ocrx_word' id='word_1_121' title='bbox 2306 1002 2438 1040; x_wconf 73' lang='grc' dir='ltr'><strong><em>τοῦτο</em></strong></span> 
     </span>
     <span class='ocr_line' id='line_1_12' title="bbox 292 1070 2436 1122; baseline 0.002 -15"><span class='ocrx_word' id='word_1_122' title='bbox 292 1072 367 1122; x_wconf 70' lang='grc' dir='ltr'><strong>γάρ</strong></span> <span class='ocrx_word' id='word_1_123' title='bbox 403 1093 445 1100; x_wconf 90' lang='lat'><strong>-—</strong></span> <span class='ocrx_word' id='word_1_124' title='bbox 479 1079 514 1110; x_wconf 94' lang='lat' dir='ltr'><strong>et</strong></span> <span class='ocrx_word' id='word_1_125' title='bbox 544 1072 741 1121; x_wconf 85' lang='lat' dir='ltr'><strong>Antholog.</strong></span> <span class='ocrx_word' id='word_1_126' title='bbox 770 1071 837 1109; x_wconf 88' lang='lat'><strong>111.</strong></span> <span class='ocrx_word' id='word_1_127' title='bbox 865 1070 929 1109; x_wconf 77' lang='lat'><strong>27.</strong></span> <span class='ocrx_word' id='word_1_128' title='bbox 958 1091 1004 1098; x_wconf 93' lang='lat'><em>-</em></span> <span class='ocrx_word' id='word_1_129' title='bbox 1042 1071 1269 1109; x_wconf 83' lang='lat' dir='ltr'><strong>Neutrum</strong></span> <span class='ocrx_word' id='word_1_130' title='bbox 1307 1070 1534 1108; x_wconf 84' lang='lat' dir='ltr'><strong>retinendum</strong></span> <span class='ocrx_word' id='word_1_131' title='bbox 1563 1082 1644 1108; x_wconf 87' lang='lat' dir='ltr'><strong>esse</strong></span> <span class='ocrx_word' id='word_1_132' title='bbox 1672 1070 1883 1117; x_wconf 83' lang='lat' dir='ltr'><strong>videbatur,</strong></span> <span class='ocrx_word' id='word_1_133' title='bbox 1921 1078 1959 1108; x_wconf 89' lang='lat' dir='ltr'><strong>ut</strong></span> <span class='ocrx_word' id='word_1_134' title='bbox 1987 1071 2131 1122; x_wconf 83' lang='lat' dir='ltr'><strong>legibus</strong></span> <span class='ocrx_word' id='word_1_135' title='bbox 2157 1073 2305 1122; x_wconf 83' lang='lat' dir='ltr'><strong>linguae</strong></span> <span class='ocrx_word' id='word_1_136' title='bbox 2331 1075 2436 1112; x_wconf 81' lang='lat' dir='ltr'><strong>latin.</strong></span> 
     </span>
     <span class='ocr_line' id='line_1_13' title="bbox 290 1140 2435 1193; baseline 0.001 -13"><span class='ocrx_word' id='word_1_137' title='bbox 290 1155 362 1181; x_wconf 88' lang='lat' dir='ltr'><strong>non</strong></span> <span class='ocrx_word' id='word_1_138' title='bbox 398 1154 617 1193; x_wconf 81' lang='lat' dir='ltr'><strong>repugnans.</strong></span> <span class='ocrx_word' id='word_1_139' title='bbox 678 1140 877 1192; x_wconf 81' lang='lat' dir='ltr'><strong>Aliqua‘nto</strong></span> <span class='ocrx_word' id='word_1_140' title='bbox 914 1141 1044 1179; x_wconf 88' lang='lat' dir='ltr'><strong>melius</strong></span> <span class='ocrx_word' id='word_1_141' title='bbox 1078 1151 1248 1180; x_wconf 83' lang='lat' dir='ltr'><strong>sermone</strong></span> <span class='ocrx_word' id='word_1_142' title='bbox 1282 1141 1402 1190; x_wconf 80' lang='lat' dir='ltr'><strong>patrio</strong></span> <span class='ocrx_word' id='word_1_143' title='bbox 1439 1152 1590 1188; x_wconf 76' lang='lat' dir='ltr'><strong>versae,</strong></span> <span class='ocrx_word' id='word_1_144' title='bbox 1626 1141 1760 1191; x_wconf 89' lang='lat' dir='ltr'><strong>quibus</strong></span> <span class='ocrx_word' id='word_1_145' title='bbox 1797 1141 1912 1180; x_wconf 84' lang='lat' dir='ltr'><strong>animi</strong></span> <span class='ocrx_word' id='word_1_146' title='bbox 1956 1153 2065 1181; x_wconf 75' lang='lat' dir='ltr'><strong>causa</strong></span> <span class='ocrx_word' id='word_1_147' title='bbox 2101 1148 2242 1183; x_wconf 87' lang='lat' dir='ltr'><strong>ceteros</strong></span> <span class='ocrx_word' id='word_1_148' title='bbox 2282 1144 2435 1192; x_wconf 82' lang='lat' dir='ltr'><strong>adiicio,</strong></span> 
     </span>
     <span class='ocr_line' id='line_1_14' title="bbox 290 1210 1437 1271; baseline -0.001 -22"><span class='ocrx_word' id='word_1_149' title='bbox 290 1213 539 1262; x_wconf 85' lang='lat' dir='ltr'><strong>expresseris,</strong></span> <span class='ocrx_word' id='word_1_150' title='bbox 577 1214 766 1251; x_wconf 86' lang='lat' dir='ltr'><strong>immutata</strong></span> <span class='ocrx_word' id='word_1_151' title='bbox 792 1223 889 1249; x_wconf 86' lang='lat' dir='ltr'><strong>vers.</strong></span> <span class='ocrx_word' id='word_1_152' title='bbox 916 1212 942 1248; x_wconf 81' lang='lat'>2</span> <span class='ocrx_word' id='word_1_153' title='bbox 969 1212 1113 1259; x_wconf 76' lang='lat' dir='ltr'><strong>glycon.</strong></span> <span class='ocrx_word' id='word_1_154' title='bbox 1141 1210 1281 1257; x_wconf 81' lang='lat' dir='ltr'><strong>forma,</strong></span> <span class='ocrx_word' id='word_1_155' title='bbox 1309 1212 1385 1248; x_wconf 87' lang='lat' dir='ltr'><strong>sic:</strong></span> <span class='ocrx_word' id='word_1_156' title='bbox 1430 1263 1437 1271; x_wconf 43' lang='grc'><em>1</em></span> 
     </span>
    </p>
   </div>
   <div class='ocr_carea' id='block_1_6' title="bbox 690 1293 2009 1913">
    <p class='ocr_par' dir='ltr' id='par_1_6' title="bbox 700 1293 1394 1344">
     <span class='ocr_line' id='line_1_15' title="bbox 700 1293 1394 1344; baseline -0.003 -8"><span class='ocrx_word' id='word_1_157' title='bbox 700 1297 864 1338; x_wconf 62' lang='lat' dir='ltr'><strong>‘JBunbtt</strong></span> <span class='ocrx_word' id='word_1_158' title='bbox 891 1295 927 1336; x_wconf 80' lang='lat' dir='ltr'><strong>in</strong></span> <span class='ocrx_word' id='word_1_159' title='bbox 954 1293 1113 1344; x_wconf 57' lang='lat' dir='ltr'><strong>wenge!</strong></span> <span class='ocrx_word' id='word_1_160' title='bbox 1169 1294 1394 1336; x_wconf 72' lang='lat' dir='ltr'><strong>‘IBunberbar</strong></span> 
     </span>
    </p>

    <p class='ocr_par' dir='ltr' id='par_1_7' title="bbox 691 1364 1445 1415">
     <span class='ocr_line' id='line_1_16' title="bbox 691 1364 1445 1415; baseline -0.003 -7"><span class='ocrx_word' id='word_1_161' title='bbox 691 1366 804 1415; x_wconf 67' lang='lat' dir='ltr'><strong>‘mehr</strong></span> <span class='ocrx_word' id='word_1_162' title='bbox 830 1369 920 1406; x_wconf 72' lang='lat' dir='ltr'><strong>benu</strong></span> <span class='ocrx_word' id='word_1_163' title='bbox 948 1366 1014 1406; x_wconf 72' lang='lat' dir='ltr'><strong>otte</strong></span> <span class='ocrx_word' id='word_1_164' title='bbox 1043 1364 1169 1414; x_wconf 71' lang='lat' dir='ltr'><strong>‘mesen</strong></span> <span class='ocrx_word' id='word_1_165' title='bbox 1198 1366 1257 1404; x_wconf 66' lang='grc' dir='ltr'><strong>ιιι·</strong></span> <span class='ocrx_word' id='word_1_166' title='bbox 1284 1364 1445 1414; x_wconf 56' lang='lat' dir='ltr'><strong>alicuid).</strong></span> 
     </span>
    </p>

    <p class='ocr_par' dir='ltr' id='par_1_8' title="bbox 692 1435 1428 1486">
     <span class='ocr_line' id='line_1_17' title="bbox 692 1435 1428 1486; baseline -0.003 -10"><span class='ocrx_word' id='word_1_167' title='bbox 692 1438 787 1484; x_wconf 56' lang='lat' dir='ltr'><strong>mico</strong></span> <span class='ocrx_word' id='word_1_168' title='bbox 810 1457 860 1464; x_wconf 92' lang='lat'>—</span> <span class='ocrx_word' id='word_1_169' title='bbox 886 1437 971 1482; x_wconf 74' lang='lat' dir='ltr'><strong>aud&gt;</strong></span> <span class='ocrx_word' id='word_1_170' title='bbox 1001 1436 1083 1475; x_wconf 73' lang='lat' dir='ltr'><strong>&#39;iiber</strong></span> <span class='ocrx_word' id='word_1_171' title='bbox 1110 1435 1162 1474; x_wconf 75' lang='lat' dir='ltr'><strong>bie</strong></span> <span class='ocrx_word' id='word_1_172' title='bbox 1190 1436 1313 1475; x_wconf 70' lang='lat' dir='ltr'><strong>bunfle</strong></span> <span class='ocrx_word' id='word_1_173' title='bbox 1341 1437 1428 1486; x_wconf 56' lang='lat' dir='ltr'><strong>glut</strong></span> 
     </span>
    </p>

    <p class='ocr_par' dir='ltr' id='par_1_9' title="bbox 694 1505 1416 1557">
     <span class='ocr_line' id='line_1_18' title="bbox 694 1505 1416 1557; baseline -0.004 -9"><span class='ocrx_word' id='word_1_174' title='bbox 694 1506 890 1557; x_wconf 58' lang='lat' dir='ltr'><strong>spingiem’ss</strong></span> <span class='ocrx_word' id='word_1_175' title='bbox 920 1510 998 1555; x_wconf 66' lang='lat' dir='ltr'><strong>true</strong></span> <span class='ocrx_word' id='word_1_176' title='bbox 1022 1508 1080 1545; x_wconf 73' lang='lat' dir='ltr'><strong>bet</strong></span> <span class='ocrx_word' id='word_1_177' title='bbox 1106 1505 1250 1546; x_wconf 70' lang='lat' dir='ltr'><strong>Drl’am</strong></span> <span class='ocrx_word' id='word_1_178' title='bbox 1278 1505 1416 1555; x_wconf 61' lang='lat' dir='ltr'><strong>witti),</strong></span> 
     </span>
    </p>

    <p class='ocr_par' dir='ltr' id='par_1_10' title="bbox 695 1577 1525 1628">
     <span class='ocr_line' id='line_1_19' title="bbox 695 1577 1525 1628; baseline -0.005 -9"><span class='ocrx_word' id='word_1_179' title='bbox 695 1579 816 1628; x_wconf 70' lang='lat' dir='ltr'><strong>ffiinge</strong></span> <span class='ocrx_word' id='word_1_180' title='bbox 845 1577 975 1626; x_wconf 70' lang='lat' dir='ltr'><strong>bruuf’t</strong></span> <span class='ocrx_word' id='word_1_181' title='bbox 1004 1579 1064 1625; x_wconf 67' lang='lat' dir='ltr'><strong>sid,</strong></span> <span class='ocrx_word' id='word_1_182' title='bbox 1094 1578 1276 1624; x_wconf 69' lang='lat' dir='ltr'><strong>thurmenb</strong></span> <span class='ocrx_word' id='word_1_183' title='bbox 1304 1577 1356 1617; x_wconf 69' lang='lat' dir='ltr'><strong>bie</strong></span> <span class='ocrx_word' id='word_1_184' title='bbox 1384 1577 1525 1627; x_wconf 64' lang='lat' dir='ltr'><strong>wege:</strong></span> 
     </span>
    </p>

    <p class='ocr_par' dir='ltr' id='par_1_11' title="bbox 692 1647 1205 1697">
     <span class='ocr_line' id='line_1_20' title="bbox 692 1647 1205 1697; baseline -0.002 -9"><span class='ocrx_word' id='word_1_185' title='bbox 692 1648 743 1689; x_wconf 57' lang='lat' dir='ltr'><strong>&amp;t</strong></span> <span class='ocrx_word' id='word_1_186' title='bbox 771 1650 927 1688; x_wconf 75' lang='lat' dir='ltr'><strong>manbrlt</strong></span> <span class='ocrx_word' id='word_1_187' title='bbox 956 1647 1043 1695; x_wconf 70' lang='lat' dir='ltr'><strong>scine</strong></span> <span class='ocrx_word' id='word_1_188' title='bbox 1070 1647 1205 1697; x_wconf 62' lang='lat' dir='ltr'><strong>maim</strong></span> 
     </span>
    </p>

    <p class='ocr_par' dir='ltr' id='par_1_12' title="bbox 692 1717 1434 1767">
     <span class='ocr_line' id='line_1_21' title="bbox 692 1717 1434 1767; baseline -0.001 -8"><span class='ocrx_word' id='word_1_189' title='bbox 692 1720 772 1759; x_wconf 67' lang='lat' dir='ltr'><strong>unt</strong></span> <span class='ocrx_word' id='word_1_190' title='bbox 799 1719 894 1765; x_wconf 69' lang='lat' dir='ltr'><strong>tid),</strong></span> <span class='ocrx_word' id='word_1_191' title='bbox 923 1729 943 1757; x_wconf 83' lang='grc' dir='ltr'><strong><em>ο</em></strong></span> <span class='ocrx_word' id='word_1_192' title='bbox 972 1717 1105 1760; x_wconf 59' lang='lat' dir='ltr'><strong>&amp;bitin</strong></span> <span class='ocrx_word' id='word_1_193' title='bbox 1134 1718 1250 1765; x_wconf 65' lang='lat' dir='ltr'><strong>OErbe.</strong></span> <span class='ocrx_word' id='word_1_194' title='bbox 1282 1718 1434 1767; x_wconf 59' lang='lat' dir='ltr'><strong>bietine,</strong></span> 
     </span>
    </p>

    <p class='ocr_par' dir='ltr' id='par_1_13' title="bbox 690 1788 1487 1837">
     <span class='ocr_line' id='line_1_22' title="bbox 690 1788 1487 1837; baseline -0.003 -9"><span class='ocrx_word' id='word_1_195' title='bbox 690 1789 837 1837; x_wconf 46' lang='lat' dir='ltr'><strong>&amp;thigh</strong></span> <span class='ocrx_word' id='word_1_196' title='bbox 866 1788 1011 1827; x_wconf 74' lang='lat' dir='ltr'><strong>nimum</strong></span> <span class='ocrx_word' id='word_1_197' title='bbox 1040 1790 1278 1834; x_wconf 68' lang='lat' dir='ltr'><strong>ermattente,</strong></span> <span class='ocrx_word' id='word_1_198' title='bbox 1304 1788 1424 1828; x_wconf 75' lang='lat' dir='ltr'><strong>mitbet</strong></span> <span class='ocrx_word' id='word_1_199' title='bbox 1452 1799 1487 1826; x_wconf 77' lang='lat' dir='ltr'><strong>rt</strong></span> 
     </span>
    </p>

    <p class='ocr_par' dir='ltr' id='par_1_14' title="bbox 693 1858 2009 1913">
     <span class='ocr_line' id='line_1_23' title="bbox 693 1858 2009 1913; baseline 0.001 -15"><span class='ocrx_word' id='word_1_200' title='bbox 693 1858 749 1898; x_wconf 60' lang='lat' dir='ltr'><strong>{lb</strong></span> <span class='ocrx_word' id='word_1_201' title='bbox 776 1862 846 1898; x_wconf 74' lang='lat' dir='ltr'><strong>uttb</strong></span> <span class='ocrx_word' id='word_1_202' title='bbox 875 1862 914 1898; x_wconf 68' lang='grc' dir='ltr'><strong>εδ</strong></span> <span class='ocrx_word' id='word_1_203' title='bbox 942 1858 1051 1913; x_wconf 71' lang='lat' dir='ltr'><strong>fteif’t</strong></span> <span class='ocrx_word' id='word_1_204' title='bbox 1078 1859 1148 1906; x_wconf 60' lang='lat' dir='ltr'><strong>ihm</strong></span> <span class='ocrx_word' id='word_1_205' title='bbox 1175 1861 1233 1897; x_wconf 76' lang='lat' dir='ltr'><strong>bet</strong></span> <span class='ocrx_word' id='word_1_206' title='bbox 1262 1858 1378 1907; x_wconf 68' lang='lat' dir='ltr'><strong>‘Dflug</strong></span> <span class='ocrx_word' id='word_1_207' title='bbox 1402 1861 1472 1897; x_wconf 78' lang='lat' dir='ltr'><strong>nub</strong></span> <span class='ocrx_word' id='word_1_208' title='bbox 1500 1869 1534 1897; x_wconf 81' lang='lat' dir='ltr'><strong>er</strong></span> <span class='ocrx_word' id='word_1_209' title='bbox 1561 1860 1672 1907; x_wconf 71' lang='lat' dir='ltr'><strong>furdyt</strong></span> <span class='ocrx_word' id='word_1_210' title='bbox 1702 1860 1764 1897; x_wconf 83' lang='lat' dir='ltr'><strong>mit</strong></span> <span class='ocrx_word' id='word_1_211' title='bbox 1792 1863 1853 1898; x_wconf 70' lang='lat' dir='ltr'><strong>bre</strong></span> <span class='ocrx_word' id='word_1_212' title='bbox 1883 1861 2009 1909; x_wconf 71' lang='grc' dir='ltr'>ὓῖιηῖεό</span> 
     </span>
    </p>
   </div>
   <div class='ocr_carea' id='block_1_7' title="bbox 691 1926 1322 1978">
    <p class='ocr_par' dir='ltr' id='par_1_15' title="bbox 691 1926 1322 1978">
     <span class='ocr_line' id='line_1_24' title="bbox 691 1926 1322 1978; baseline -0.002 -10"><span class='ocrx_word' id='word_1_213' title='bbox 691 1927 803 1976; x_wconf 75' lang='lat' dir='ltr'><strong>3th</strong></span> <span class='ocrx_word' id='word_1_214' title='bbox 828 1936 899 1970; x_wconf 72' lang='lat' dir='ltr'><strong>»ou</strong></span> <span class='ocrx_word' id='word_1_215' title='bbox 927 1928 1022 1976; x_wconf 66' lang='grc' dir='ltr'><strong>ῗςαὶπ</strong></span> <span class='ocrx_word' id='word_1_216' title='bbox 1048 1938 1089 1978; x_wconf 63' lang='lat' dir='ltr'><strong>gu</strong></span> <span class='ocrx_word' id='word_1_217' title='bbox 1113 1928 1209 1976; x_wconf 59' lang='lat' dir='ltr'><strong>Sciit</strong></span> <span class='ocrx_word' id='word_1_218' title='bbox 1237 1926 1322 1974; x_wconf 71' lang='lat' dir='ltr'><strong>bid).</strong></span> 
     </span>
    </p>
   </div>
   <div class='ocr_carea' id='block_1_8' title="bbox 282 2023 2434 3064">
    <p class='ocr_par' dir='ltr' id='par_1_16' title="bbox 282 2023 2434 3064">
     <span class='ocr_line' id='line_1_25' title="bbox 286 2023 2432 2076; baseline 0.003 -13"><span class='ocrx_word' id='word_1_219' title='bbox 286 2023 330 2063; x_wconf 89' lang='lat' dir='ltr'><strong>ln</strong></span> <span class='ocrx_word' id='word_1_220' title='bbox 357 2023 601 2063; x_wconf 83' lang='lat' dir='ltr'><strong>masculinum</strong></span> <span class='ocrx_word' id='word_1_221' title='bbox 629 2023 809 2072; x_wconf 84' lang='lat' dir='ltr'><strong>transivi,</strong></span> <span class='ocrx_word' id='word_1_222' title='bbox 838 2029 877 2063; x_wconf 87' lang='lat' dir='ltr'><strong>ut</strong></span> <span class='ocrx_word' id='word_1_223' title='bbox 904 2024 942 2063; x_wconf 91' lang='lat' dir='ltr'><strong>in</strong></span> <span class='ocrx_word' id='word_1_224' title='bbox 969 2024 1099 2063; x_wconf 83' lang='lat' dir='ltr'><strong>Graec.</strong></span> <span class='ocrx_word' id='word_1_225' title='bbox 1127 2029 1212 2074; x_wconf 82' lang='lat' dir='ltr'><strong>post</strong></span> <span class='ocrx_word' id='word_1_226' title='bbox 1236 2030 1366 2061; x_wconf 81' lang='grc' dir='ltr'><strong><em>τοῦτο</em></strong></span> <span class='ocrx_word' id='word_1_227' title='bbox 1393 2030 1450 2063; x_wconf 86' lang='lat' dir='ltr'><strong>est</strong></span> <span class='ocrx_word' id='word_1_228' title='bbox 1476 2029 1606 2075; x_wconf 74' lang='grc' dir='ltr'><strong><em>περῶν</em></strong></span> <span class='ocrx_word' id='word_1_229' title='bbox 1631 2032 1667 2064; x_wconf 88' lang='lat' dir='ltr'><strong>et</strong></span> <span class='ocrx_word' id='word_1_230' title='bbox 1693 2026 1888 2065; x_wconf 79' lang='grc' dir='ltr'><strong>πολεύων.</strong></span> <span class='ocrx_word' id='word_1_231' title='bbox 1950 2028 2069 2066; x_wconf 87' lang='lat' dir='ltr'><strong>Porro</strong></span> <span class='ocrx_word' id='word_1_232' title='bbox 2104 2028 2181 2066; x_wconf 83' lang='lat' dir='ltr'><strong>dixi</strong></span> <span class='ocrx_word' id='word_1_233' title='bbox 2216 2028 2294 2075; x_wconf 61' lang='lat' dir='ltr'><strong>bie&amp;</strong></span> <span class='ocrx_word' id='word_1_234' title='bbox 2330 2032 2432 2076; x_wconf 74' lang='lat' dir='ltr'><strong>aud&gt;</strong></span> 
     </span>
     <span class='ocr_line' id='line_1_26' title="bbox 284 2093 2434 2149; baseline 0.003 -17"><span class='ocrx_word' id='word_1_235' title='bbox 284 2094 344 2144; x_wconf 87' lang='lat' dir='ltr'><strong>(v.</strong></span> <span class='ocrx_word' id='word_1_236' title='bbox 370 2094 441 2144; x_wconf 84' lang='lat'><strong>3),</strong></span> <span class='ocrx_word' id='word_1_237' title='bbox 481 2106 565 2133; x_wconf 84' lang='lat' dir='ltr'><strong>nam</strong></span> <span class='ocrx_word' id='word_1_238' title='bbox 600 2094 837 2133; x_wconf 86' lang='lat' dir='ltr'><strong>Hermannus</strong></span> <span class='ocrx_word' id='word_1_239' title='bbox 878 2093 948 2130; x_wconf 83' lang='grc' dir='ltr'><strong>καὶ</strong></span> <span class='ocrx_word' id='word_1_240' title='bbox 988 2095 1129 2132; x_wconf 87' lang='lat' dir='ltr'><strong>etiam</strong></span> <span class='ocrx_word' id='word_1_241' title='bbox 1171 2095 1484 2145; x_wconf 80' lang='lat' dir='ltr'><strong>interpretandum</strong></span> <span class='ocrx_word' id='word_1_242' title='bbox 1525 2108 1606 2135; x_wconf 88' lang='lat' dir='ltr'><strong>esse</strong></span> <span class='ocrx_word' id='word_1_243' title='bbox 1638 2098 1862 2142; x_wconf 81' lang='lat' dir='ltr'><strong>arbitratur,</strong></span> <span class='ocrx_word' id='word_1_244' title='bbox 1904 2097 1955 2135; x_wconf 85' lang='lat' dir='ltr'><strong>ita</strong></span> <span class='ocrx_word' id='word_1_245' title='bbox 1998 2105 2117 2135; x_wconf 84' lang='lat' dir='ltr'><strong>tamen</strong></span> <span class='ocrx_word' id='word_1_246' title='bbox 2158 2106 2197 2136; x_wconf 91' lang='lat' dir='ltr'><strong>ut</strong></span> <span class='ocrx_word' id='word_1_247' title='bbox 2233 2111 2347 2149; x_wconf 80' lang='lat' dir='ltr'><strong>aeque</strong></span> <span class='ocrx_word' id='word_1_248' title='bbox 2387 2101 2434 2138; x_wconf 86' lang='lat' dir='ltr'><strong>ad</strong></span> 
     </span>
     <span class='ocr_line' id='line_1_27' title="bbox 284 2165 2431 2219; baseline 0.003 -16"><span class='ocrx_word' id='word_1_249' title='bbox 284 2173 418 2204; x_wconf 81' lang='lat' dir='ltr'><strong>terram</strong></span> <span class='ocrx_word' id='word_1_250' title='bbox 447 2172 486 2203; x_wconf 90' lang='lat' dir='ltr'><strong>ut</strong></span> <span class='ocrx_word' id='word_1_251' title='bbox 513 2166 558 2203; x_wconf 82' lang='lat' dir='ltr'><strong>ad</strong></span> <span class='ocrx_word' id='word_1_252' title='bbox 586 2177 688 2204; x_wconf 90' lang='lat' dir='ltr'><strong>more</strong></span> <span class='ocrx_word' id='word_1_253' title='bbox 715 2165 909 2203; x_wconf 79' lang='lat' dir='ltr'><strong>referatur.</strong></span> <span class='ocrx_word' id='word_1_254' title='bbox 967 2165 1109 2203; x_wconf 82' lang='lat' dir='ltr'><strong>Vereor</strong></span> <span class='ocrx_word' id='word_1_255' title='bbox 1135 2171 1276 2212; x_wconf 87' lang='lat' dir='ltr'><strong>tamen,</strong></span> <span class='ocrx_word' id='word_1_256' title='bbox 1314 2172 1353 2203; x_wconf 88' lang='lat' dir='ltr'><strong>ut</strong></span> <span class='ocrx_word' id='word_1_257' title='bbox 1379 2172 1497 2213; x_wconf 83' lang='lat' dir='ltr'><strong>recte;</strong></span> <span class='ocrx_word' id='word_1_258' title='bbox 1532 2178 1616 2204; x_wconf 85' lang='lat' dir='ltr'><strong>nam</strong></span> <span class='ocrx_word' id='word_1_259' title='bbox 1651 2168 1709 2206; x_wconf 88' lang='lat' dir='ltr'><strong>vel</strong></span> <span class='ocrx_word' id='word_1_260' title='bbox 1743 2168 1799 2205; x_wconf 91' lang='lat' dir='ltr'><strong>sic</strong></span> <span class='ocrx_word' id='word_1_261' title='bbox 1833 2167 1954 2206; x_wconf 89' lang='lat' dir='ltr'><strong>oratio</strong></span> <span class='ocrx_word' id='word_1_262' title='bbox 1992 2175 2175 2219; x_wconf 86' lang='lat' dir='ltr'><strong>tamquam</strong></span> <span class='ocrx_word' id='word_1_263' title='bbox 2209 2170 2254 2208; x_wconf 89' lang='lat' dir='ltr'><strong>ad</strong></span> <span class='ocrx_word' id='word_1_264' title='bbox 2290 2172 2431 2210; x_wconf 85' lang='lat' dir='ltr'><strong>leviora</strong></span> 
     </span>
     <span class='ocr_line' id='line_1_28' title="bbox 284 2234 2432 2287; baseline 0.002 -12"><span class='ocrx_word' id='word_1_265' title='bbox 284 2238 517 2276; x_wconf 80' lang='lat' dir='ltr'><strong>decresceret.</strong></span> <span class='ocrx_word' id='word_1_266' title='bbox 573 2236 680 2280; x_wconf 79' lang='lat' dir='ltr'><strong>Quod</strong></span> <span class='ocrx_word' id='word_1_267' title='bbox 707 2249 752 2274; x_wconf 91' lang='lat' dir='ltr'><strong>ne</strong></span> <span class='ocrx_word' id='word_1_268' title='bbox 778 2236 863 2282; x_wconf 79' lang='lat' dir='ltr'><strong>fiat,</strong></span> <span class='ocrx_word' id='word_1_269' title='bbox 898 2236 1042 2273; x_wconf 82' lang='lat' dir='ltr'><strong>videtur</strong></span> <span class='ocrx_word' id='word_1_270' title='bbox 1069 2235 1136 2273; x_wconf 85' lang='lat' dir='ltr'><strong>hoc</strong></span> <span class='ocrx_word' id='word_1_271' title='bbox 1162 2234 1233 2270; x_wconf 78' lang='grc' dir='ltr'><strong>καὶ</strong></span> <span class='ocrx_word' id='word_1_272' title='bbox 1260 2237 1305 2273; x_wconf 90' lang='lat' dir='ltr'><strong>ad</strong></span> <span class='ocrx_word' id='word_1_273' title='bbox 1333 2237 1447 2283; x_wconf 88' lang='lat' dir='ltr'><strong>illud,</strong></span> <span class='ocrx_word' id='word_1_274' title='bbox 1485 2238 1580 2285; x_wconf 83' lang='lat' dir='ltr'><strong>quod</strong></span> <span class='ocrx_word' id='word_1_275' title='bbox 1607 2244 1662 2275; x_wconf 85' lang='lat' dir='ltr'><strong>est</strong></span> <span class='ocrx_word' id='word_1_276' title='bbox 1689 2238 1728 2274; x_wconf 89' lang='lat' dir='ltr'><strong>in</strong></span> <span class='ocrx_word' id='word_1_277' title='bbox 1756 2239 1939 2286; x_wconf 87' lang='lat' dir='ltr'><strong>principio</strong></span> <span class='ocrx_word' id='word_1_278' title='bbox 1966 2239 2143 2287; x_wconf 76' lang='lat' dir='ltr'><strong>strophae</strong></span> <span class='ocrx_word' id='word_1_279' title='bbox 2169 2239 2227 2287; x_wconf 84' lang='lat'><strong>11,</strong></span> <span class='ocrx_word' id='word_1_280' title='bbox 2263 2242 2432 2280; x_wconf 79' lang='lat' dir='ltr'><strong>reseren-</strong></span> 
     </span>
     <span class='ocr_line' id='line_1_29' title="bbox 285 2306 2430 2357; baseline 0.001 -10"><span class='ocrx_word' id='word_1_281' title='bbox 285 2309 384 2347; x_wconf 87' lang='lat' dir='ltr'><strong>dum.</strong></span> <span class='ocrx_word' id='word_1_282' title='bbox 437 2308 523 2346; x_wconf 93' lang='lat' dir='ltr'><strong>Duo</strong></span> <span class='ocrx_word' id='word_1_283' title='bbox 557 2307 653 2345; x_wconf 84' lang='lat' dir='ltr'><strong>enim</strong></span> <span class='ocrx_word' id='word_1_284' title='bbox 689 2312 777 2344; x_wconf 87' lang='lat' dir='ltr'><strong>sunt</strong></span> <span class='ocrx_word' id='word_1_285' title='bbox 811 2306 1059 2355; x_wconf 82' lang='lat' dir='ltr'><strong>expositionis</strong></span> <span class='ocrx_word' id='word_1_286' title='bbox 1096 2312 1219 2354; x_wconf 84' lang='lat' dir='ltr'><strong>partes</strong></span> <span class='ocrx_word' id='word_1_287' title='bbox 1259 2306 1476 2353; x_wconf 81' lang='lat' dir='ltr'><strong>primariae,</strong></span> <span class='ocrx_word' id='word_1_288' title='bbox 1512 2318 1556 2343; x_wconf 80' lang='lat' dir='ltr'><strong>ac</strong></span> <span class='ocrx_word' id='word_1_289' title='bbox 1590 2307 1751 2354; x_wconf 90' lang='lat' dir='ltr'><strong>primum</strong></span> <span class='ocrx_word' id='word_1_290' title='bbox 1785 2307 1931 2355; x_wconf 83' lang='lat' dir='ltr'><strong>quidem</strong></span> <span class='ocrx_word' id='word_1_291' title='bbox 1971 2308 2060 2345; x_wconf 87' lang='lat' dir='ltr'><strong>dicit</strong></span> <span class='ocrx_word' id='word_1_292' title='bbox 2098 2314 2227 2357; x_wconf 66' lang='lat' dir='ltr'><strong>poem,</strong></span> <span class='ocrx_word' id='word_1_293' title='bbox 2268 2312 2430 2350; x_wconf 86' lang='lat' dir='ltr'><strong>hominis</strong></span> 
     </span>
     <span class='ocr_line' id='line_1_30' title="bbox 284 2375 2429 2430; baseline 0.002 -15"><span class='ocrx_word' id='word_1_294' title='bbox 284 2379 427 2417; x_wconf 83' lang='lat' dir='ltr'><strong>ratione</strong></span> <span class='ocrx_word' id='word_1_295' title='bbox 452 2384 487 2416; x_wconf 92' lang='lat' dir='ltr'><strong>et</strong></span> <span class='ocrx_word' id='word_1_296' title='bbox 512 2377 679 2416; x_wconf 88' lang='lat' dir='ltr'><strong>sollertia</strong></span> <span class='ocrx_word' id='word_1_297' title='bbox 706 2376 810 2427; x_wconf 86' lang='lat' dir='ltr'><strong>quasi</strong></span> <span class='ocrx_word' id='word_1_298' title='bbox 838 2382 951 2414; x_wconf 80' lang='lat' dir='ltr'><strong>totam</strong></span> <span class='ocrx_word' id='word_1_299' title='bbox 978 2382 1145 2413; x_wconf 87' lang='lat' dir='ltr'><strong>naturam</strong></span> <span class='ocrx_word' id='word_1_300' title='bbox 1173 2375 1264 2424; x_wconf 85' lang='lat' dir='ltr'><strong>regi,</strong></span> <span class='ocrx_word' id='word_1_301' title='bbox 1290 2375 1495 2413; x_wconf 86' lang='lat' dir='ltr'><strong>subiecisse</strong></span> <span class='ocrx_word' id='word_1_302' title='bbox 1520 2375 1593 2413; x_wconf 85' lang='lat' dir='ltr'><strong>sibi</strong></span> <span class='ocrx_word' id='word_1_303' title='bbox 1623 2376 1727 2413; x_wconf 88' lang='lat' dir='ltr'><strong>illum</strong></span> <span class='ocrx_word' id='word_1_304' title='bbox 1749 2388 1849 2414; x_wconf 83' lang='lat' dir='ltr'><strong>mare</strong></span> <span class='ocrx_word' id='word_1_305' title='bbox 1877 2383 2102 2426; x_wconf 82' lang='lat' dir='ltr'><strong>terramque,</strong></span> <span class='ocrx_word' id='word_1_306' title='bbox 2136 2380 2280 2418; x_wconf 83' lang='lat' dir='ltr'><strong>sulcare</strong></span> <span class='ocrx_word' id='word_1_307' title='bbox 2306 2392 2429 2430; x_wconf 82' lang='lat' dir='ltr'><strong>mare,</strong></span> 
     </span>
     <span class='ocr_line' id='line_1_31' title="bbox 284 2445 2430 2501; baseline 0.001 -15"><span class='ocrx_word' id='word_1_308' title='bbox 284 2449 429 2486; x_wconf 81' lang='lat' dir='ltr'><strong>sulcare</strong></span> <span class='ocrx_word' id='word_1_309' title='bbox 455 2453 613 2493; x_wconf 78' lang='lat' dir='ltr'><strong>terram3</strong></span> <span class='ocrx_word' id='word_1_310' title='bbox 653 2445 836 2485; x_wconf 76' lang='lat' dir='ltr'><strong>dominari</strong></span> <span class='ocrx_word' id='word_1_311' title='bbox 862 2446 1013 2484; x_wconf 86' lang='lat' dir='ltr'><strong>eundem</strong></span> <span class='ocrx_word' id='word_1_312' title='bbox 1041 2446 1149 2483; x_wconf 84' lang='lat' dir='ltr'><strong>etiam</strong></span> <span class='ocrx_word' id='word_1_313' title='bbox 1177 2446 1308 2483; x_wconf 87' lang='lat' dir='ltr'><strong>ceteris</strong></span> <span class='ocrx_word' id='word_1_314' title='bbox 1338 2446 1608 2493; x_wconf 75' lang='lat' dir='ltr'><strong>ani-antibus,</strong></span> <span class='ocrx_word' id='word_1_315' title='bbox 1635 2458 1726 2496; x_wconf 77' lang='lat' dir='ltr'><strong>quae</strong></span> <span class='ocrx_word' id='word_1_316' title='bbox 1752 2451 1840 2484; x_wconf 88' lang='lat' dir='ltr'><strong>sunt</strong></span> <span class='ocrx_word' id='word_1_317' title='bbox 1865 2459 1930 2495; x_wconf 91' lang='lat' dir='ltr'><strong>per</strong></span> <span class='ocrx_word' id='word_1_318' title='bbox 1955 2452 2061 2494; x_wconf 66' lang='lat' dir='ltr'><strong>aera,</strong></span> <span class='ocrx_word' id='word_1_319' title='bbox 2090 2461 2154 2497; x_wconf 92' lang='lat' dir='ltr'><strong>per</strong></span> <span class='ocrx_word' id='word_1_320' title='bbox 2180 2456 2334 2498; x_wconf 87' lang='lat' dir='ltr'><strong>terram,</strong></span> <span class='ocrx_word' id='word_1_321' title='bbox 2364 2464 2430 2501; x_wconf 81' lang='lat' dir='ltr'><strong>per</strong></span> 
     </span>
     <span class='ocr_line' id='line_1_32' title="bbox 285 2515 2429 2567; baseline 0.003 -13"><span class='ocrx_word' id='word_1_322' title='bbox 285 2529 403 2563; x_wconf 82' lang='lat' dir='ltr'><strong>mare,</strong></span> <span class='ocrx_word' id='word_1_323' title='bbox 431 2529 498 2555; x_wconf 88' lang='lat' dir='ltr'><strong>nec</strong></span> <span class='ocrx_word' id='word_1_324' title='bbox 525 2518 634 2556; x_wconf 85' lang='lat' dir='ltr'><strong>modo</strong></span> <span class='ocrx_word' id='word_1_325' title='bbox 661 2517 774 2566; x_wconf 90' lang='lat' dir='ltr'><strong>potiri</strong></span> <span class='ocrx_word' id='word_1_326' title='bbox 801 2516 875 2564; x_wconf 86' lang='lat' dir='ltr'><strong>eis,</strong></span> <span class='ocrx_word' id='word_1_327' title='bbox 913 2516 978 2553; x_wconf 86' lang='lat' dir='ltr'><strong>sed</strong></span> <span class='ocrx_word' id='word_1_328' title='bbox 1004 2516 1113 2553; x_wconf 87' lang='lat' dir='ltr'><strong>etiam</strong></span> <span class='ocrx_word' id='word_1_329' title='bbox 1151 2515 1302 2553; x_wconf 85' lang='lat' dir='ltr'><strong>domare</strong></span> <span class='ocrx_word' id='word_1_330' title='bbox 1335 2515 1503 2565; x_wconf 77' lang='grc' dir='ltr'><strong>(κρατεῖ</strong></span> <span class='ocrx_word' id='word_1_331' title='bbox 1536 2515 1603 2565; x_wconf 80' lang='grc' dir='ltr'><strong>δέ)</strong></span> <span class='ocrx_word' id='word_1_332' title='bbox 1639 2515 1814 2554; x_wconf 85' lang='lat' dir='ltr'><strong>didicisse</strong></span> <span class='ocrx_word' id='word_1_333' title='bbox 1850 2527 1912 2563; x_wconf 84' lang='lat' dir='ltr'><strong>ea,</strong></span> <span class='ocrx_word' id='word_1_334' title='bbox 1948 2528 2104 2567; x_wconf 88' lang='lat' dir='ltr'><strong>quorum</strong></span> <span class='ocrx_word' id='word_1_335' title='bbox 2142 2530 2248 2557; x_wconf 88' lang='lat' dir='ltr'><strong>usum</strong></span> <span class='ocrx_word' id='word_1_336' title='bbox 2286 2521 2429 2562; x_wconf 81' lang='lat' dir='ltr'><strong>habeat.</strong></span> 
     </span>
     <span class='ocr_line' id='line_1_33' title="bbox 284 2585 2432 2642; baseline 0.003 -16"><span class='ocrx_word' id='word_1_337' title='bbox 284 2588 429 2637; x_wconf 85' lang='lat' dir='ltr'><strong>Singuli</strong></span> <span class='ocrx_word' id='word_1_338' title='bbox 447 2587 566 2642; x_wconf 21' lang='lat' dir='ltr'><strong>&#39;huius</strong></span> <span class='ocrx_word' id='word_1_339' title='bbox 593 2588 710 2637; x_wconf 83' lang='lat' dir='ltr'><strong>partis</strong></span> <span class='ocrx_word' id='word_1_340' title='bbox 736 2588 808 2626; x_wconf 89' lang='lat' dir='ltr'><strong>loci</strong></span> <span class='ocrx_word' id='word_1_341' title='bbox 834 2593 920 2626; x_wconf 87' lang='lat' dir='ltr'><strong>sunt</strong></span> <span class='ocrx_word' id='word_1_342' title='bbox 946 2598 1011 2636; x_wconf 86' lang='lat' dir='ltr'><strong>per</strong></span> <span class='ocrx_word' id='word_1_343' title='bbox 1036 2599 1082 2622; x_wconf 80' lang='grc' dir='ltr'><strong>τε</strong></span> <span class='ocrx_word' id='word_1_344' title='bbox 1111 2587 1326 2636; x_wconf 77' lang='lat' dir='ltr'><strong>particulam</strong></span> <span class='ocrx_word' id='word_1_345' title='bbox 1353 2586 1518 2624; x_wconf 83' lang='lat' dir='ltr'><strong>connexi.</strong></span> <span class='ocrx_word' id='word_1_346' title='bbox 1570 2585 1650 2624; x_wconf 85' lang='lat' dir='ltr'><strong>Iam</strong></span> <span class='ocrx_word' id='word_1_347' title='bbox 1676 2587 1842 2637; x_wconf 84' lang='lat' dir='ltr'><strong>sequitur</strong></span> <span class='ocrx_word' id='word_1_348' title='bbox 1869 2588 1986 2626; x_wconf 86' lang='lat' dir='ltr'><strong>altera</strong></span> <span class='ocrx_word' id='word_1_349' title='bbox 2005 2600 2110 2638; x_wconf 84' lang='lat' dir='ltr'><strong>pars,</strong></span> <span class='ocrx_word' id='word_1_350' title='bbox 2139 2590 2245 2629; x_wconf 85' lang='lat' dir='ltr'><strong>cuius</strong></span> <span class='ocrx_word' id='word_1_351' title='bbox 2266 2594 2432 2632; x_wconf 81' lang='lat' dir='ltr'><strong>membra</strong></span> 
     </span>
     <span class='ocr_line' id='line_1_34' title="bbox 285 2657 2428 2709; baseline 0.002 -11"><span class='ocrx_word' id='word_1_352' title='bbox 285 2671 349 2709; x_wconf 89' lang='lat' dir='ltr'><strong>per</strong></span> <span class='ocrx_word' id='word_1_353' title='bbox 377 2657 445 2695; x_wconf 79' lang='grc' dir='ltr'><strong>καὶ</strong></span> <span class='ocrx_word' id='word_1_354' title='bbox 471 2659 600 2708; x_wconf 86' lang='lat' dir='ltr'><strong>partic.</strong></span> <span class='ocrx_word' id='word_1_355' title='bbox 628 2660 835 2698; x_wconf 81' lang='lat' dir='ltr'><strong>cohaerent.</strong></span> <span class='ocrx_word' id='word_1_356' title='bbox 864 2681 912 2687; x_wconf 94' lang='lat'>—</span> <span class='ocrx_word' id='word_1_357' title='bbox 957 2658 1245 2697; x_wconf 80' lang='lat' dir='ltr'><strong>consonantiam</strong></span> <span class='ocrx_word' id='word_1_358' title='bbox 1274 2668 1406 2695; x_wconf 82' lang='lat' dir='ltr'><strong>vocum</strong></span> <span class='ocrx_word' id='word_1_359' title='bbox 1432 2657 1684 2705; x_wconf 80' lang='lat' dir='ltr'><strong>proximarum</strong></span> <span class='ocrx_word' id='word_1_360' title='bbox 1712 2657 1751 2694; x_wconf 87' lang='lat' dir='ltr'><strong>in</strong></span> <span class='ocrx_word' id='word_1_361' title='bbox 1777 2672 1809 2693; x_wconf 85' lang='grc' dir='ltr'><em>π</em></span> <span class='ocrx_word' id='word_1_362' title='bbox 1835 2658 1963 2706; x_wconf 78' lang='lat' dir='ltr'><strong>litera,</strong></span> <span class='ocrx_word' id='word_1_363' title='bbox 2003 2672 2110 2708; x_wconf 81' lang='lat' dir='ltr'><strong>quam</strong></span> <span class='ocrx_word' id='word_1_364' title='bbox 2142 2662 2428 2702; x_wconf 82' lang='lat' dir='ltr'><strong>alliterationem</strong></span> 
     </span>
     <span class='ocr_line' id='line_1_35' title="bbox 285 2725 2430 2782; baseline 0.002 -15"><span class='ocrx_word' id='word_1_365' title='bbox 285 2730 391 2768; x_wconf 87' lang='lat' dir='ltr'><strong>hodie</strong></span> <span class='ocrx_word' id='word_1_366' title='bbox 417 2728 626 2774; x_wconf 79' lang='lat' dir='ltr'><strong>nominant,</strong></span> <span class='ocrx_word' id='word_1_367' title='bbox 661 2728 808 2764; x_wconf 82' lang='grc' dir='ltr'><strong>πολιοῦ</strong></span> <span class='ocrx_word' id='word_1_368' title='bbox 843 2728 971 2778; x_wconf 80' lang='grc' dir='ltr'><strong><em>πέραν</em></strong></span> <span class='ocrx_word' id='word_1_369' title='bbox 1007 2727 1165 2766; x_wconf 84' lang='grc' dir='ltr'><strong><em>πόντου</em></strong></span> <span class='ocrx_word' id='word_1_370' title='bbox 1201 2734 1234 2765; x_wconf 91' lang='lat' dir='ltr'><strong>et</strong></span> <span class='ocrx_word' id='word_1_371' title='bbox 1271 2725 1479 2776; x_wconf 65' lang='grc' dir='ltr'><strong>περιβρύχ.</strong></span> <span class='ocrx_word' id='word_1_372' title='bbox 1519 2731 1652 2774; x_wconf 71' lang='grc' dir='ltr'><strong><em>περῶν</em></strong></span> <span class='ocrx_word' id='word_1_373' title='bbox 1684 2725 1994 2777; x_wconf 70' lang='grc' dir='ltr'><strong><em>ὑ-πόἴδμασι,</em></strong></span> <span class='ocrx_word' id='word_1_374' title='bbox 2032 2729 2186 2769; x_wconf 85' lang='lat' dir='ltr'><strong>minime</strong></span> <span class='ocrx_word' id='word_1_375' title='bbox 2217 2732 2430 2782; x_wconf 74' lang='lat' dir='ltr'><strong>fortuitam,</strong></span> 
     </span>
     <span class='ocr_line' id='line_1_36' title="bbox 282 2797 2431 2850; baseline 0.003 -14"><span class='ocrx_word' id='word_1_376' title='bbox 282 2800 405 2850; x_wconf 80' lang='lat' dir='ltr'><strong>verbis</strong></span> <span class='ocrx_word' id='word_1_377' title='bbox 445 2799 573 2837; x_wconf 88' lang='lat' dir='ltr'><strong>latinis</strong></span> <span class='ocrx_word' id='word_1_378' title='bbox 618 2799 763 2847; x_wconf 86' lang='lat' dir='ltr'><strong>assequi</strong></span> <span class='ocrx_word' id='word_1_379' title='bbox 805 2799 958 2836; x_wconf 84' lang='lat' dir='ltr'><strong>nescivi.</strong></span> <span class='ocrx_word' id='word_1_380' title='bbox 1025 2799 1249 2847; x_wconf 83' lang='lat' dir='ltr'><strong>Saepissime</strong></span> <span class='ocrx_word' id='word_1_381' title='bbox 1288 2797 1384 2845; x_wconf 83' lang='lat' dir='ltr'><strong>apud</strong></span> <span class='ocrx_word' id='word_1_382' title='bbox 1414 2802 1565 2845; x_wconf 67' lang='lat' dir='ltr'><strong>poetas,</strong></span> <span class='ocrx_word' id='word_1_383' title='bbox 1606 2797 1824 2846; x_wconf 80' lang='lat' dir='ltr'><strong>praesertim</strong></span> <span class='ocrx_word' id='word_1_384' title='bbox 1860 2798 1898 2836; x_wconf 90' lang='lat' dir='ltr'><strong>in</strong></span> <span class='ocrx_word' id='word_1_385' title='bbox 1932 2812 1964 2834; x_wconf 86' lang='grc' dir='ltr'>π</span> <span class='ocrx_word' id='word_1_386' title='bbox 2001 2799 2111 2838; x_wconf 85' lang='lat' dir='ltr'><strong>litera</strong></span> <span class='ocrx_word' id='word_1_387' title='bbox 2149 2801 2354 2850; x_wconf 86' lang='lat' dir='ltr'><strong>invenitur,</strong></span> <span class='ocrx_word' id='word_1_388' title='bbox 2391 2812 2431 2842; x_wconf 88' lang='lat' dir='ltr'><strong>ut</strong></span> 
     </span>
     <span class='ocr_line' id='line_1_37' title="bbox 282 2864 2429 2920; baseline 0 -11"><span class='ocrx_word' id='word_1_389' title='bbox 282 2870 417 2909; x_wconf 70' lang='lat' dir='ltr'><strong>Electr.</strong></span> <span class='ocrx_word' id='word_1_390' title='bbox 443 2864 532 2917; x_wconf 73' lang='lat'>210,</span> <span class='ocrx_word' id='word_1_391' title='bbox 559 2867 734 2918; x_wconf 79' lang='grc' dir='ltr'><strong><em>ποίνιμα</em></strong></span> <span class='ocrx_word' id='word_1_392' title='bbox 761 2866 901 2905; x_wconf 57' lang='grc' dir='ltr'>πάθεα</span> <span class='ocrx_word' id='word_1_393' title='bbox 928 2870 1082 2906; x_wconf 56' lang='grc' dir='ltr'><strong><em>παθεῖν</em></strong></span> <span class='ocrx_word' id='word_1_394' title='bbox 1109 2867 1253 2920; x_wconf 60' lang='grc' dir='ltr'><strong><em>πόροι,</em></strong></span> <span class='ocrx_word' id='word_1_395' title='bbox 1281 2868 1496 2917; x_wconf 82' lang='lat' dir='ltr'><strong>Agamemn.</strong></span> <span class='ocrx_word' id='word_1_396' title='bbox 1519 2865 1611 2907; x_wconf 77' lang='grc'><strong>820.</strong></span> <span class='ocrx_word' id='word_1_397' title='bbox 1638 2868 1870 2917; x_wconf 77' lang='grc' dir='ltr'><strong><em>προπέμπει</em></strong></span> <span class='ocrx_word' id='word_1_398' title='bbox 1896 2867 2046 2914; x_wconf 79' lang='grc' dir='ltr'><strong><em>πίονας</em></strong></span> <span class='ocrx_word' id='word_1_399' title='bbox 2073 2870 2260 2907; x_wconf 78' lang='grc' dir='ltr'><strong><em>πλούτου</em></strong></span> <span class='ocrx_word' id='word_1_400' title='bbox 2287 2875 2429 2918; x_wconf 83' lang='grc' dir='ltr'><strong><em>πνοάς.</em></strong></span> 
     </span>
     <span class='ocr_line' id='line_1_38' title="bbox 285 2935 2432 2993; baseline 0.002 -15"><span class='ocrx_word' id='word_1_401' title='bbox 285 2940 379 2978; x_wconf 77' lang='lat' dir='ltr'><strong>Aias</strong></span> <span class='ocrx_word' id='word_1_402' title='bbox 403 2937 513 2978; x_wconf 75' lang='lat'><strong>1197.</strong></span> <span class='ocrx_word' id='word_1_403' title='bbox 541 2937 663 2976; x_wconf 83' lang='grc' dir='ltr'><strong><em>πόνοι</em></strong></span> <span class='ocrx_word' id='word_1_404' title='bbox 688 2938 882 2990; x_wconf 77' lang='grc' dir='ltr'><strong><em>πρόγονοι</em></strong></span> <span class='ocrx_word' id='word_1_405' title='bbox 908 2936 1068 2988; x_wconf 55' lang='lat' dir='ltr'><strong>advena,</strong></span> <span class='ocrx_word' id='word_1_406' title='bbox 1098 2938 1189 2979; x_wconf 66' lang='lat' dir='ltr'><strong>Oea.</strong></span> <span class='ocrx_word' id='word_1_407' title='bbox 1218 2937 1300 2979; x_wconf 76' lang='lat' dir='ltr'><strong>Col.</strong></span> <span class='ocrx_word' id='word_1_408' title='bbox 1329 2935 1433 2986; x_wconf 58' lang='lat'><strong>613„</strong></span> <span class='ocrx_word' id='word_1_409' title='bbox 1459 2935 1621 2989; x_wconf 80' lang='lat' dir='ltr'><strong>Choeph.</strong></span> <span class='ocrx_word' id='word_1_410' title='bbox 1648 2936 1712 2979; x_wconf 80' lang='grc'><strong>86.</strong></span> <span class='ocrx_word' id='word_1_411' title='bbox 1747 2937 1863 2991; x_wconf 79' lang='grc' dir='ltr'><strong><em>παρὰ</em></strong></span> <span class='ocrx_word' id='word_1_412' title='bbox 1889 2938 2010 2990; x_wconf 68' lang='grc' dir='ltr'><strong>φίλης</strong></span> <span class='ocrx_word' id='word_1_413' title='bbox 2042 2939 2148 2993; x_wconf 79' lang='grc' dir='ltr'><strong>φίλῳ</strong></span> <span class='ocrx_word' id='word_1_414' title='bbox 2175 2940 2321 2993; x_wconf 79' lang='grc' dir='ltr'><strong><em>φέρειν.</em></strong></span> <span class='ocrx_word' id='word_1_415' title='bbox 2376 2944 2432 2983; x_wconf 87' lang='lat' dir='ltr'><strong>Ne</strong></span> 
     </span>
     <span class='ocr_line' id='line_1_39' title="bbox 287 3008 2433 3064; baseline 0.003 -18"><span class='ocrx_word' id='word_1_416' title='bbox 287 3012 326 3046; x_wconf 83' lang='lat' dir='ltr'><strong>‘m</strong></span> <span class='ocrx_word' id='word_1_417' title='bbox 349 3012 486 3048; x_wconf 86' lang='lat' dir='ltr'><strong>Alcest.</strong></span> <span class='ocrx_word' id='word_1_418' title='bbox 516 3012 662 3059; x_wconf 84' lang='lat' dir='ltr'><strong>quidem</strong></span> <span class='ocrx_word' id='word_1_419' title='bbox 688 3023 798 3048; x_wconf 85' lang='lat' dir='ltr'><strong>versu</strong></span> <span class='ocrx_word' id='word_1_420' title='bbox 829 3010 900 3048; x_wconf 86' lang='lat'><strong>148</strong></span> <span class='ocrx_word' id='word_1_421' title='bbox 926 3022 1014 3048; x_wconf 83' lang='lat' dir='ltr'><strong>casu</strong></span> <span class='ocrx_word' id='word_1_422' title='bbox 1040 3012 1174 3048; x_wconf 79' lang='lat' dir='ltr'><strong>dictum</strong></span> <span class='ocrx_word' id='word_1_423' title='bbox 1204 3009 1423 3059; x_wconf 69' lang='grc' dir='ltr'><strong><em>πράσσειν</em></strong></span> <span class='ocrx_word' id='word_1_424' title='bbox 1448 3009 1503 3043; x_wconf 77' lang='grc' dir='ltr'><strong>τὰ</strong></span> <span class='ocrx_word' id='word_1_425' title='bbox 1528 3008 1768 3060; x_wconf 79' lang='grc' dir='ltr'><strong><em>πρόςφορα.</em></strong></span> <span class='ocrx_word' id='word_1_426' title='bbox 1799 3030 1847 3038; x_wconf 90' lang='grc'>-</span> <span class='ocrx_word' id='word_1_427' title='bbox 1884 3011 2031 3051; x_wconf 83' lang='lat' dir='ltr'><strong>Similis</strong></span> <span class='ocrx_word' id='word_1_428' title='bbox 2058 3019 2113 3050; x_wconf 84' lang='lat' dir='ltr'><strong>est</strong></span> <span class='ocrx_word' id='word_1_429' title='bbox 2140 3014 2433 3064; x_wconf 80' lang='lat' dir='ltr'><strong>epanastropba‚</strong></span> 
     </span>
    </p>
   </div>
  </div>
 </body>
</html>
