2723 3438
774 509 808 547 1.

768 582 793 618 2

766 651 791 688 3

767 721 793 758 4

769 791 806 828 5.

769 859 794 899 6

769 931 794 969 7

769 1000 796 1038 8

771 1071 794 1110 9

769 1256 809 1854 Ξῦᾳὲθῑξῧφὲῦἓΰέθῑ*

771 2007 813 2542 908992593305*

777 2573 814 2613 ΞΟ

750 2643 813 2682 10.

751 2714 814 2752 11.

1304 291 1373 331 1¹7

1189 439 1215 475 S
1230 443 1244 476 t
1257 450 1277 475 r
1289 450 1312 476 o
1327 450 1350 487 p
1365 439 1385 475 t·
1398 450 1419 475 u
1456 439 1487 476 1.

877 508 1003 554 Felix,
1032 508 1092 545 cui
1120 508 1194 546 vita
1222 509 1405 547 malorum
1433 508 1586 558 contigit
1612 510 1677 547 nil.

797 610 805 619 .
871 581 965 618 Nam
994 579 1061 617 deo
1089 578 1191 628 queis
1219 590 1354 628 quassu
1380 579 1532 627 domus,
1560 578 1655 617 nibil
1684 591 1852 631 umquam

794 678 804 687 .
872 651 1080 698 Belliquum
1103 649 1267 685 dirarum
1287 650 1368 695 erit,
1389 662 1502 699 usque
1521 650 1759 700 propaginem
1787 662 1939 700 urgens:

796 748 806 758 .
874 720 988 758 Velut
1015 719 1158 757 marina
1183 719 1298 758 flabra
1326 732 1437 771 quum

873 790 1081 828 Verberare
1108 790 1269 828 Thracia

797 889 808 901 .
874 860 1063 910 Spin-antia
1079 856 1251 910 ⁴graviter·
1277 873 1398 909 mare,
1426 862 1595 901 tenebrae
1621 861 1711 901 Orci
1739 866 1840 899 atrae

797 958 806 968 .
871 930 1193 980 superfunduntur
1218 931 1368 981 aequori
1395 931 1509 979 imae,

798 1029 807 1039 .
873 1001 1152 1050 Turbidumque
1178 1001 1345 1039 funditus

798 1101 806 1109 .
875 1072 1022 1110 Limum
1051 1078 1201 1111 vomunt
1228 1072 1459 1122 fremuntque
1485 1073 1597 1111 litora
1624 1074 1708 1111 icta.

1120 1184 1489 1233 Antisti-opha
1527 1184 1558 1221 1.

872 1254 1002 1293 Gentis
1029 1255 1126 1292 mala
1150 1254 1443 1293 Labdacidarum
1468 1254 1618 1305 antiqua
1643 1265 1772 1301 cerno,

876 1324 948 1369 Qui
975 1325 1159 1373 occidere,
1186 1336 1315 1374 pressa
1341 1326 1450 1363 melis
1476 1325 1693 1374 geminatis,

875 1394 1028 1434 Liberat
1053 1406 1119 1434 nee
1144 1395 1357 1446 progeniem
1382 1407 1517 1446 genus,
1544 1400 1602 1435 est
1626 1393 1731 1434 deum
1758 1394 1821 1444 qui

870 1465 981 1514 Ruit,
1008 1478 1121 1516 neque
1147 1472 1204 1504 est
1229 1466 1433 1515 piaculum.

872 1535 978 1573 Nune
1002 1536 1099 1574 enim
1127 1536 1256 1592 ultima
1282 1548 1396 1586 super

873 1605 1017 1644 Diffusa
1041 1610 1120 1645 erat
1145 1608 1210 1644 lux
1235 1607 1367 1645 subole
1392 1606 1431 1643 in
1458 1605 1591 1655 Oedipi
1618 1605 1750 1644 domo:

876 1673 1039 1713 Cruento
1065 1687 1198 1713 rursus
1223 1675 1433 1714 Inferorum

874 1745 1032 1783 Pulvere
1056 1745 1139 1793 ipsa
1164 1746 1345 1784 sternitur

859 1814 1144 1865 *Vecordiaquffi
1171 1814 1305 1854 mentis
1331 1826 1374 1852 ac
1398 1814 1538 1855 furore.

1179 1926 1415 1975 Sti-opha
1450 1925 1502 1965 11.

879 2007 1000 2045 Tuam
1026 2005 1195 2056 quisnam
1221 2006 1351 2054 bomo,
1377 2006 1546 2056 Jupiter,

880 2076 968 2116 Vim
994 2076 1101 2116 ferox
1127 2076 1240 2116 animi
1266 2076 1458 2117 moretur?

878 2147 997 2193 Quam
1024 2160 1090 2187 nee
1115 2147 1241 2196 senio,
1267 2148 1330 2198 qui
1355 2147 1481 2187 domat
1507 2157 1632 2195 omne,
1660 2158 1834 2195 somnus,

875 2218 1171 2268 Praecipitesque
1197 2230 1340 2257 menses

880 2290 964 2328 Non
991 2289 1158 2338 capiunt:
1188 2293 1352 2337 tempore
1376 2299 1451 2326 non
1477 2298 1589 2326 sene-

882 2372 987 2399 scens
1014 2359 1122 2399 iubar
1149 2371 1263 2409 usque
1289 2358 1438 2408 Olympi

882 2430 942 2468 Tu
968 2430 1126 2470 nitidum
1151 2434 1252 2469 tenes
1279 2440 1345 2468 rex

879 2502 934 2540 Ita
961 2501 1089 2540 dehinc
1115 2506 1150 2539 et
1176 2501 1215 2539 in
1241 2500 1405 2539 futurum

880 2572 983 2610 Sicut
1008 2571 1116 2622 priu’.
1157 2569 1320 2621 praesidi

879 2641 984 2681 Nihil
1008 2654 1050 2680 ea
1075 2654 1164 2681 aevo
1192 2642 1299 2679 habet
1324 2642 1382 2678 lex

882 2713 993 2754 Omni
1021 2714 1111 2753 urbe
1137 2713 1282 2760 valens,
1307 2721 1424 2750 noxae
1452 2714 1490 2749 ut
1515 2715 1646 2761 agatur
1672 2721 1816 2749 exsors.

1127 2822 1488 2873 Antisti-opha
1526 2822 1575 2861 11.

779 2905 815 2944 1.
885 2904 1031 2955 Quippe
1055 2917 1141 2955 spes
1168 2916 1261 2955 vaga
1285 2903 1454 2942 suavita-

778 2976 815 3013 2.

775 3044 812 3082 3.

884 2975 933 3013 tis
959 2975 1045 3014 fons
1071 2987 1181 3026 saepe
1205 2974 1364 3023 bomini,
1390 2975 1456 3013 sed
1481 2977 1564 3013 orta
1587 2977 1644 3012 est

880 3043 1081 3085 Caeearum
1108 3047 1232 3085 eadem
1258 3056 1366 3094 saepe
1392 3043 1591 3083 libidinum
1616 3042 1733 3081 fraus.
