2815 3398
362 391 419 429 De
445 393 620 441 asyndeto
648 392 726 430 dixi
755 394 801 431 ad
830 405 926 432 vers.
953 393 1041 432 332.
1071 392 1247 442 (Stasim.
1276 393 1306 430 l.
1334 405 1371 429 v.
1400 392 1476 443 1.).
1504 413 1552 420 —
1593 391 1663 429 Sed
1691 390 1862 430 videntur
1889 392 1976 431 baec
2005 405 2119 443 prope
2147 393 2241 431 idem
2270 394 2391 431 valere
2414 398 2520 443 atque

366 463 404 500 in
432 462 563 512 Oedip.
592 461 676 501 Col.
705 476 739 501 v.
768 464 843 502 406
870 462 1140 509 κατασκιάζει
1167 462 1298 509 κόνις,
1327 463 1417 514 tegit
1443 463 1594 510 humus,
1622 461 1674 500 ita
1701 467 1822 502 temen
1851 468 1890 502 ut
1915 464 2067 513 τυμβὸς
2094 464 2218 515 χυτὸς
2235 464 2518 514 assignificetur,

365 546 450 572 nam
477 540 533 572 est
560 533 654 573 sere:
684 533 976 583 κατασωρεῦει,
1005 534 1288 585 καταχωννύει
1321 533 1452 577 κόνις,
1480 533 1705 581 accumulat,
1732 533 1880 582 obruit,
1908 534 2065 573 tumulat
2091 536 2227 584 pulvis.
2283 534 2361 574 Cfr.
2384 534 2520 585 Odyss.

366 603 382 639 ε’
411 617 446 643 v.
474 602 565 643 482.
608 604 876 654 ἐπαμήσατο,
914 606 1010 654 quod
1041 618 1074 643 v.
1103 604 1180 643 487
1215 604 1458 653 ἐπεχεύατο,
1495 617 1531 642 v.
1559 603 1638 643 490
1673 604 1906 652 καλύψατο.
1946 604 2216 656 (ἐπεσώρευεν
2242 606 2369 655 Sch.);
2409 607 2459 644 Jl.
2490 606 2517 641 ώ

366 688 401 713 v.
433 673 521 714 165.
562 674 837 723 καταμήσατο
865 674 1025 718 πολλὴν
1053 675 1229 724 κόπρον,
1260 680 1296 712 et
1322 685 1414 724 quae
1439 674 1547 714 habet
1574 674 1699 714 Schol-
1724 674 1770 713 nd
1797 674 1924 726 Antig.
1953 687 1989 713 V.
2016 674 2113 714 255:
2154 675 2443 726 ἐπιβεβλημένη
2472 675 2520 720 ἦν

365 746 387 789 ἡ
418 743 562 795 ἄμμος·
597 748 725 782 τοῦτο
755 744 797 781 δὲ
826 745 1016 787 ἐποίησεν
1045 747 1067 782 ὁ
1095 747 1232 792 θάψας
1259 744 1386 794 νόμου
1415 745 1551 795 χάριν·
1592 747 1630 781 οἱ
1661 745 1738 794 γὰρ
1776 745 1916 796 νεκρὸν
1954 746 2126 795 ὁρῶντες
2162 744 2332 798 ἄταφον
2367 744 2436 781 καὶ
2471 746 2521 795 μὴ

367 815 752 864 ἐναμησάμενοι
787 816 937 854 κόνιν
972 829 1002 855 e.
1031 829 1065 865 q.
1093 828 1123 856 s.
1152 829 1185 853 r.
1214 837 1263 843 —
1310 816 1579 866 Interpretatus
1607 827 1692 854 sum
1719 818 1909 864 καταμᾷν
1938 816 2049 853 verbo
2082 820 2326 862 sternere,
2361 817 2521 864 aptissi-

367 897 447 931 mo,
474 886 512 922 ni
541 885 674 931 fallor,
707 887 766 922 cui
793 891 829 923 et
856 887 999 937 tegendi
1026 891 1061 923 et
1087 886 1165 924 fere
1193 886 1399 925 demetendi
1424 886 1528 926 notio
1555 886 1721 925 subiecta
1747 886 1808 924 sit.
1835 906 1883 915 —
1931 885 2103 925 Ceterum
2130 885 2251 936 possit
2277 885 2383 931 κόνις
2411 887 2520 925 etiam

365 955 408 993 de
436 955 554 994 Orco
583 956 668 1005 ipso
696 957 876 1007 intelligi,
906 963 943 995 ut
971 969 1006 993 v.
1033 955 1107 995 891
1140 957 1318 1006 τύμβος,
1347 970 1381 995 ν.
1411 957 1488 996 920
1513 955 1785 1008 κατασκαφαὶ
1813 956 2050 1004 θανόντων,
2085 957 2181 1006 apud
2217 957 2350 995 Aescb.
2388 958 2519 1006 Suppl.

363 1040 399 1064 v.
427 1026 478 1064 25
506 1027 652 1072 Βῆκαις
682 1028 750 1065 cfr.
777 1027 909 1077 fragm.
937 1027 1131 1076 Amphiar.
1165 1027 1236 1065 IV.
1266 1028 1301 1065 l.
1327 1026 1439 1076 (781.
1467 1026 1527 1076 d.)
1555 1048 1603 1055 —
1647 1027 1823 1065 Triclinii
1859 1027 2075 1076 explicatio,
2112 1039 2219 1076 quam
2253 1031 2430 1076 sequutus
2466 1033 2522 1064 est

361 1096 622 1144 Hermannus,
651 1097 741 1134 mibi
769 1097 915 1146 quidem
943 1096 1109 1145 quaesita
1136 1101 1170 1134 et
1197 1108 1326 1146 parum
1353 1097 1514 1146 simplex
1540 1096 1699 1136 videtur.
1728 1116 1775 1124 —
1803 1096 1860 1135 De
1886 1097 2068 1135 sententia
2094 1096 2162 1134 cl'r.
2191 1097 2300 1135 etiam
2320 1096 2359 1134 S.
2382 1096 2518 1134 Electr.

362 1178 397 1205 v.
424 1165 514 1205 764.
543 1165 632 1205 765.
663 1188 711 1194 -

519 1236 674 1286 Stroph.
703 1237 764 1275 11.
791 1249 825 1276 v.
852 1238 893 1276 4.
949 1237 1053 1282 Quae
1079 1238 1240 1287 scripsi,
1268 1250 1290 1275 a
1320 1237 1440 1276 Nevio
1468 1243 1571 1275 erant
1598 1238 1790 1287 proposita
1820 1241 1856 1276 et
1890 1237 2086 1276 verissima
2120 1242 2227 1286 sunt,
2263 1248 2342 1276 mea
2375 1237 2521 1288 quidem

363 1308 565 1355 sententia,
606 1307 784 1348 habenda.
849 1307 907 1347 De
941 1308 1209 1357 particularum
1245 1305 1341 1344 οὔτε
1367 1326 1419 1336 -·
1441 1320 1488 1343 τε
1515 1307 1563 1343 οὐ
1598 1308 1695 1346 inter
1733 1320 1775 1346 se
1809 1309 2043 1357 copulatione
2069 1308 2144 1345 vid.
2171 1308 2313 1345 Nevius
2348 1308 2394 1344 ad
2420 1318 2521 1344 vers.

361 1378 451 1416 763.
502 1378 724 1415 Necessaria
749 1389 791 1415 ea
817 1377 913 1415 baud
941 1389 1027 1417 raro
1055 1384 1132 1426 est,
1169 1389 1243 1418 non
1270 1377 1378 1418 modo
1406 1389 1427 1417 a
1454 1375 1635 1418 sententia
1662 1378 1718 1417 vel
1747 1378 1981 1417 voculatione
2007 1379 2293 1416 commendatur.
2345 1378 2400 1414 lta
2427 1377 2522 1425 apud

365 1450 531 1497 Thucyd.
557 1448 587 1485 Ι.
614 1447 677 1485 39.
718 1446 814 1482 οὔτε
841 1447 919 1497 γὰρ
946 1447 1264 1497 Λακεδαιμόνιοι
1292 1466 1340 1474 —-
1355 1472 1369 1493 ‚
1397 1448 1470 1493 τήν
1497 1461 1544 1485 τε
1572 1469 1620 1477 —-
1648 1448 1697 1484 οὐ
1730 1447 1917 1497 χαλεπῶς
1944 1468 1994 1475 -
2020 1453 2263 1498 κρατοῦμεν.

517 1530 553 1557 v.
582 1516 629 1556 8.
656 1516 700 1554 9.
753 1516 904 1555 Confer.
933 1518 1103 1555 Macrob.
1130 1519 1255 1555 Satur.
1283 1518 1313 1555 l.
1339 1519 1392 1556 20
1429 1518 1513 1555 inde
1538 1529 1560 1555 a
1587 1518 1733 1556 verbis:
1774 1517 1898 1566 „sicut
1931 1518 1983 1555 ait
2017 1515 2294 1567 Hippocrates“
2333 1527 2446 1567 usque
2478 1516 2522 1554 ad

361 1588 495 1627 verba:
531 1585 848 1634 ,,πρότ“ἐόντα.“
866 1609 916 1616 -
943 1583 1027 1623 ἕπε
1039 1601 1125 1623 ιτα
1152 1589 1178 1626 i.
1205 1600 1236 1626 e.
1262 1588 1319 1624 τὰ
1348 1587 1417 1622 ἐπὶ
1442 1588 1615 1632 τούτοις.
1643 1588 1799 1637 (Aesch.
1819 1589 1954 1637 Agam.
1971 1586 2072 1636 230)
2090 1587 2173 1624 adv.
2192 1587 2356 1624 omnium
2375 1592 2522 1635 tempo-

363 1669 448 1696 rum
475 1661 552 1704 est,
580 1657 645 1694 lat.
686 1656 878 1704 dehinc,
918 1656 1136 1706 posthac,
1176 1660 1367 1695 nostrum:
1406 1656 1561 1703 fobunn,
1590 1664 1662 1695 υοιι
1688 1659 1757 1701 bu,
1786 1665 1859 1695 nun
1886 1666 1946 1694 an.
1998 1655 2189 1705 Significat
2224 1661 2345 1694 autem
2381 1661 2523 1705 tempus

361 1727 463 1766 aliud
490 1731 635 1775 tempus
661 1727 909 1774 subsequens,
937 1724 990 1762 ita
1018 1730 1138 1762 tamen
1168 1729 1207 1762 ut
1232 1725 1304 1763 boc
1332 1735 1403 1762 una
1430 1723 1781 1773 comprehendatur,
1816 1723 1891 1762 nisi
1927 1724 2050 1774 ipsum
2078 1724 2152 1763 iam
2178 1724 2428 1776 significatum
2454 1730 2524 1763 est.

355 1796 413 1835 Ita
439 1796 538 1845 apud
565 1795 733 1846 Thucyd.
759 1795 847 1835 libr.
870 1794 923 1836 ΙΙ.
949 1806 982 1835 ο.
1010 1793 1061 1834 64
1087 1795 1246 1845 legunt:
1287 1795 1308 1840 ἡ
1336 1792 1379 1832 δὲ
1407 1792 1648 1846 παραυτίκα
1674 1807 1714 1831 τε
1740 1793 1978 1845 λαμπρότης
2004 1794 2074 1832 καὶ
2100 1795 2138 1840 ἐς
2164 1793 2214 1832 τό
2237 1793 2384 1833 ἔπειτα
2405 1793 2521 1840 δόξα,

361 1867 425 1906 ubi
465 1867 578 1906 verbo
618 1864 861 1916 παραυτίκα
902 1877 1025 1917 praes.
1061 1866 1241 1917 temporis
1281 1871 1479 1916 punctum,
1520 1866 1633 1906 verbo
1670 1864 1819 1903 ἔπειτα
1855 1870 2000 1915 tempus
2033 1866 2171 1915 futur„
2208 1862 2316 1916 idque
2345 1877 2426 1904 cum
2455 1866 2522 1904 illo

363 1937 563 1976 cohaerens
591 1943 627 1976 et
652 1938 883 1987 subsequens
911 1934 1149 1987 exprimitur.
1203 1938 1438 1987 (Sequuntur
1466 1937 1598 1974 verba:
1640 1934 1678 1980 ἔς
1704 1949 1750 1972 τε
1776 1935 1826 1973 τὸ
1856 1936 2007 1986 μέλλον
2035 1936 2161 1975 καλὸν
2187 1934 2459 1987 προγνόντες,
2487 1933 2524 1979 ἔς

361 2020 406 2044 τε
435 2007 485 2044 τὸ
515 2006 670 2044 αὐτίκα
698 2008 749 2057 μὴ
778 2007 996 2059 αἰσχρόν).
1051 2007 1174 2046 Aliter
1200 2009 1299 2058 apud
1326 2009 1480 2048 eundem
1507 2008 1595 2048 libr.
1632 2007 1664 2046 1.
1702 2019 1733 2047 c.
1761 2006 1811 2047 10
1849 2013 1938 2051 τοῖς
1974 2005 2135 2046 ἔπειτα.
2189 2006 2247 2045 Ibi
2282 2006 2442 2045 refertur
2476 2007 2521 2044 ad

361 2084 504 2128 tempus
530 2078 697 2116 futurum
725 2083 761 2117 et
787 2090 899 2128 quum
925 2090 1001 2117 non
1031 2079 1105 2116 alia
1131 2079 1312 2127 temporis
1338 2078 1563 2127 significatio
1590 2078 1717 2115 addita
1742 2077 1813 2124 sit,
1843 2077 1939 2115 idem
1967 2078 2063 2116 valet
2090 2077 2188 2128 quod
2215 2082 2305 2121 τοῖς
2333 2075 2431 2113 τότε
2452 2075 2521 2113 καὶ

360 2146 505 2184 ἔπειτα
524 2144 757 2198 (ὕστερον).
810 2147 952 2187 Eodem
980 2148 1090 2187 modo
1118 2148 1155 2186 b.
1175 2150 1223 2196 1.‚
1251 2149 1314 2187 ubi
1339 2150 1383 2188 ad
1412 2156 1557 2199 tempus
1584 2158 1760 2198 praesens
1786 2146 1958 2196 refertur,
1986 2153 2155 2188 notatur:
2182 2151 2253 2186 νῦν
2279 2148 2348 2185 καὶ
2376 2146 2524 2188 ἔπειτα.

361 2219 423 2256 Sic
450 2218 555 2256 Alae.
584 2231 619 2254 v.
647 2216 699 2257 84
726 2216 871 2257 πάντα
898 2219 975 2269 γὰρ
1003 2219 1059 2256 τά
1085 2219 1200 2258 τὀὖν
1236 2220 1385 2269 πάρος,
1422 2218 1479 2255 τά
1505 2219 1543 2254 τ’
1570 2218 1767 2262 εῑςέπειτα
1804 2219 1856 2268 σῇ
1892 2218 2143 2270 κυβερνῶμαι
2179 2219 2288 2270 χερί,
2326 2219 2415 2268 §onst
2450 2223 2521 2259 uttb

360 2291 504 2333 fortan,
535 2288 561 2328 i.
589 2299 621 2327 e.
647 2290 718 2324 καὶ
746 2288 947 2340 πρότερον
976 2288 1044 2325 καὶ
1072 2289 1148 2329 νῦν
1175 2290 1243 2326 καὶ
1272 2288 1418 2327 ἔπειτα
1446 2288 1676 2339 (ὕστερον).
1730 2288 1975 2327 Coniunctum
2002 2301 2085 2328 cum
2113 2290 2236 2328 verbis
2264 2289 2334 2324 καὶ
2362 2289 2405 2324 τὸ
2435 2288 2523 2338 μέλ-

362 2360 436 2397 λον
463 2359 536 2393 καὶ
563 2358 613 2394 τὸ
641 2357 737 2408 πρὶν
763 2364 839 2399 est:
878 2371 976 2400 nunc
1001 2365 1037 2399 et
1063 2366 1149 2411 post
1176 2366 1210 2400 et
1235 2373 1381 2412 semper
1410 2366 1449 2399 ut
1475 2360 1587 2407 olim,
1616 2365 1725 2411 atque
1750 2360 1949 2410 respondet
1975 2367 2125 2400 nostro:
2162 2371 2233 2400 υοη
2270 2372 2343 2400 nun
2379 2371 2427 2399 οη
2464 2362 2520 2399 bie

364 2430 400 2468 in
435 2430 632 2479 OEwigBeit,
673 2431 739 2468 mie
777 2434 932 2469 corbem.
1002 2431 1140 2470 Valent
1179 2437 1299 2470 autem
1340 2431 1427 2470 haec
1466 2431 1543 2469 fere
1581 2430 1678 2469 idem
1717 2430 1814 2482 quod
1852 2430 1902 2468 τό
1929 2430 1966 2467 τ’
2004 2429 2144 2468 ἔπειτα
2178 2430 2246 2468 καὶ
2286 2431 2329 2469 τὸ
2372 2430 2518 2481 μέλλον

363 2498 543 2547 ὁμοίως
578 2498 650 2536 καὶ
676 2500 728 2537 τὸ
755 2500 864 2550 πρίν.
918 2500 997 2541 cfr.
1036 2503 1074 2541 S.
1104 2503 1242 2544 Electr.
1276 2517 1311 2542 v.
1339 2501 1428 2543 676.
1469 2500 1645 2542 θανόντ’
1686 2500 1881 2554 Ὀρέστην
1921 2508 1994 2542 νῦν
2028 2515 2074 2539 τε
2116 2503 2186 2538 καὶ
2225 2501 2314 2539 τότ’
2349 2502 2519 2546 ἐννέπω,

363 2583 459 2609 nunc
487 2577 526 2610 ut
553 2577 652 2620 tunc,
681 2584 779 2611 nunc
806 2573 944 2624 pariter
970 2580 1079 2625 atque
1105 2581 1205 2622 tunc,
1232 2581 1268 2614 et
1295 2574 1387 2613 ibid.
1416 2587 1450 2615 v.
1477 2572 1566 2613 907.
1595 2576 1670 2611 νῦν
1697 2573 1934 2623 θ’ὀμοίως
1962 2573 2032 2610 καὶ
2059 2573 2145 2610 τότ’
2174 2573 2521 2624 ἐξεπίσταμαι,-

363 2640 450 2678 Vid.
478 2648 686 2691 praeterea,
714 2654 806 2693 quae
832 2654 946 2693 supra
972 2645 1016 2683 de
1041 2646 1226 2695 copulatis
1253 2643 1357 2683 ποτὲ
1386 2645 1460 2695 μέν
1485 2666 1532 2673 -
1558 2641 1705 2683 ἄλλοτε
1732 2644 1826 2696 (δὲ)
1852 2646 1943 2683 dixi.
1973 2666 2020 2673 --
2061 2646 2227 2684 Verbum
2264 2646 2301 2683 in
2336 2643 2520 2684 eiusmodi

363 2712 566 2749 enuntiatis
593 2713 639 2750 ad
666 2713 704 2751 id
730 2715 853 2752 solum
881 2714 977 2765 quod
1003 2727 1178 2766 praesens
1206 2722 1262 2755 est
1287 2727 1327 2755 se
1354 2715 1623 2763 accommodat,
1651 2727 1725 2754 non
1750 2717 1796 2756 ad
1822 2717 1987 2755 futurum
2018 2718 2074 2754 vel
2102 2717 2354 2765 praeteritum,
2381 2727 2426 2752 ex
2445 2726 2518 2763 quo

364 2782 401 2818 in
429 2782 621 2820 Praesenti
649 2785 810 2822 effertur.
862 2783 944 2823 Cfr.
973 2785 1083 2823 etiam
1111 2786 1304 2826 Demostb.
1336 2787 1380 2825 da
1405 2784 1546 2826 Coton.
1575 2798 1611 2835 p.
1637 2783 1724 2825 236.
1749 2784 1789 2838 S.
1814 2785 1881 2827 82.
1925 2786 2024 2838 ὑπὲρ
2052 2787 2101 2825 οὗ
2136 2786 2207 2823 καὶ
2232 2784 2323 2824 τότε
2351 2785 2420 2822 καὶ
2447 2791 2520 2823 νῦν

364 2850 434 2887 καὶ
462 2851 523 2888 ἀεὶ
552 2853 736 2902 ὁμολογῶ
761 2854 976 2903 πολεμεῖν,
1005 2855 1096 2893 ibid.
1124 2855 1163 2906 S.
1191 2858 1241 2894 52
1267 2863 1303 2895 et
1330 2858 1499 2908 Thucyd.
1525 2857 1557 2898 Ι.
1584 2855 1649 2894 86.
1678 2877 1725 2885 —-
1767 2857 1845 2898 lem
1873 2868 1960 2897 vero
1997 2857 2092 2897 baud
2128 2855 2305 2896 concinne
2339 2856 2430 2895 mibi
2459 2856 2521 2894 vi-

364 2921 497 2960 dentur
524 2923 611 2962 baec
638 2924 749 2963 verba
777 2937 859 2963 cum
886 2927 1126 2977 sequentibus
1154 2928 1278 2978 iungi,
1310 2935 1346 2967 et
1371 2930 1615 2969 durissimum
1644 2934 1699 2965 est
1724 2928 1804 2966 sine
1831 2928 1965 2975 dubio,
2002 2929 2035 2965 si
2063 2939 2136 2966 non
2163 2927 2320 2976 salsum,
2355 2928 2519 2967 futurum

364 2991 577 3042 ἐπαρκέσει
606 2996 729 3035 verbis
757 2995 809 3032 τὸ
841 2995 942 3046 πρὶν
969 2998 1139 3051 proxime
1165 2999 1395 3051 subiectum,
1422 3013 1488 3042 nec
1513 3006 1634 3040 tamen
1670 3010 1752 3039 cum
1786 3001 1841 3039 eie
1875 3005 2124 3042 constructum
2193 2998 2333 3036 ‘'nntra
2367 2999 2522 3050 perbene
