2740 3446
314 415 348 442 v.
375 403 417 443 3.
471 403 561 443 Oed.
591 402 675 442 coi.
702 415 738 443 v.
768 401 880 441 1244.
906 400 1010 440 aubi.
1036 419 1084 428 -
1112 411 1171 440 ω.
1198 399 1239 440 4.
1263 400 1305 440 5.
1346 399 1438 440 000.
1466 399 1549 440 σοι.
1577 397 1664 439 536.
1690 400 1778 441 543.
1806 401 1911 441 anm.
1940 376 1988 429 -’
2019 414 2079 442 00.
2107 401 2149 441 6.
2175 402 2219 441 7.
2248 401 2459 442 2001221.-'

466 506 524 533 υυ.
554 494 600 531 S.
628 492 669 532 9.
697 491 768 531 10.
805 476 907 530 arcte·
928 492 1183 539 cohaerentesg
1208 491 1274 530 sed
1300 503 1337 531 v.
1364 488 1405 529 9.
1431 491 1556 530 nescio
1582 502 1628 529 an
1655 493 1792 531 rectius
1818 500 1983 539 secetur,
2021 498 2060 530 ut
2086 493 2189 542 prior
2215 504 2302 542 pars
2331 505 2461 532 versus

469 586 597 623 evadat
632 586 749 624 troeh.
785 586 911 624 dimet.
947 587 1077 633 catal„
1111 585 1228 622 altera
1260 584 1407 623 iambio.
1442 584 1570 623 dimet.
1605 586 1753 631 acatal„
1790 586 2094 635 quemadmodum
2132 586 2277 623 inverso
2313 586 2459 636 quidem

469 674 599 714 ordine
625 676 796 726 leguntur
824 675 862 713 in
888 674 1036 713 stasimi
1062 673 1212 713 secundi
1239 674 1392 723 stropha
1417 680 1454 712 et
1479 673 1626 713 antistr.
1654 673 1708 721 1.‚
1737 687 1772 713 v.
1798 675 1824 712 4
1849 683 1883 713 et
1910 675 1946 712 5.
1975 695 2024 701 —

1234 799 1250 836 ἑ
1268 812 1300 836 π
1320 812 1349 849 ῳ
1368 798 1391 835 δ
1411 798 1431 835 ό
1449 812 1480 844 ς.

1089 871 1309 919 (σύστημα
1335 870 1681 918 ἀναπαιστικόν.)

1187 953 1306 978 verss.
1338 938 1414 978 376
1429 961 1478 968 -
1493 939 1583 978 383.

519 1039 555 1075 1,
610 1016 1189 1070 --Ι-υυ-κυυ-υυ-

518 1131 555 1167 2.
608 1143 657 1164 vv
683 1150 734 1156 -
760 1149 810 1155 —
837 1149 885 1155 —
913 1148 963 1154 —
988 1141 1038 1162 vv
1065 1147 1113 1153 —
1139 1147 1191 1154 —
1276 1132 1463 1176 anapaest.
1491 1127 1616 1164 dimet.
1648 1134 1741 1163 aeat.

516 1161 1218 1266 .-‡-----4

520 1314 558 1350 4.
613 1333 662 1340 —
689 1332 738 1338 —
767 1332 815 1337 —
842 1331 891 1336 —
1285 1321 1444 1349 monom-
1470 1316 1562 1348 acat.
1587 1309 1962 1360 (παρατέλευτον.)

520 1405 557 1442 5,
610 1415 1190 1437 ——m—vv—vv—

519 1496 556 1534 6.
607 1508 1192 1531 vv———vv---—·
1279 1494 1482 1533 utI—3.

520 1588 557 1627 7.
611 1600 1191 1623 -υυ--υυ-υυ-

517 1679 555 1717 8.
609 1693 659 1715 vv
685 1662 737 1708 -Ι-
761 1693 811 1715 υυ
840 1700 885 1706 —·
913 1692 962 1714 vv
990 1699 1040 1706 ——
1065 1692 1090 1713 v
1282 1686 1468 1729 anapaest.
1494 1680 1621 1719 dimet.
1648 1682 1756 1719 catal.
1793 1681 2102 1734 (ἑφδημιμερές,
2130 1681 2443 1732 παροιμιακόν.)

1211 1843 1441 1892 stropha
1478 1844 1511 1882 L

815 1912 851 1950 1.
919 1911 1139 1962 Prodigiosa
1165 1912 1298 1959 multa,
1326 1912 1435 1952 homo

812 1982 852 2020 2.
920 1980 1074 2019 Cunctis
1101 1981 1368 2030 prodigiosius.

815 2050 854 2090 3.
919 2050 1003 2089 Hoc
1028 2057 1063 2089 et
1089 2062 1248 2101 aequora
1273 2064 1339 2101 per
1365 2052 1480 2091 maris

815 2120 854 2158 4.
919 2121 1101 2159 Nimboso
1127 2121 1274 2159 vehitur
1300 2127 1390 2161 noto

816 2189 855 2227 5.
919 2189 1095 2228 Canentis
1121 2196 1157 2228 et
1183 2192 1261 2228 sale
1287 2191 1425 2228 circum

816 2256 854 2295 6.
918 2260 1109 2307 strepente
1134 2259 1303 2307 turgido:

816 2325 854 2365 7.
920 2326 1109 2378 Deumque
1135 2333 1188 2374 te,
1217 2338 1389 2376 suprema
1414 2327 1546 2366 Tellus

815 2396 850 2435 8.
921 2396 1045 2434 Morte
1072 2408 1200 2435 carens
1226 2407 1340 2446 neque
1365 2396 1481 2433 fracta
1508 2396 1700 2434 laboribus

818 2465 855 2504 9.
920 2465 1004 2503 Ulla
1031 2479 1095 2514 per
1121 2478 1229 2513 aeva,
1257 2471 1398 2503 rotante
1422 2465 1554 2514 fatigat
1580 2474 1704 2503 aratro

792 2536 852 2576 10.
919 2537 1080 2577 Vorsam
1107 2538 1211 2587 equis
1239 2537 1446 2588 quotannis.

818 2702 856 3019 ΨΡΡῦΞΨΓ·

1141 2631 1505 2680 Antistropba
1544 2631 1574 2669 l.

921 2702 1129 2740 Perlevium
1157 2713 1221 2739 nec
1247 2701 1375 2738 alitum

923 2772 1075 2809 Gentem
1102 2783 1176 2809 non
1206 2772 1301 2819 rapit
1328 2771 1512 2816 ambiens,

920 2840 1004 2879 Non
1031 2842 1129 2879 feras
1156 2841 1228 2879 sibi
1262 2841 1396 2878 bestias

917 2911 1097 2961 Pontique
1122 2922 1339 2960 aequoreum
1370 2922 1505 2958 genus,
1545 2952 1549 2955 γ

922 2981 1072 3020 Nodosa
1098 2982 1190 3019 retia
1217 2980 1386 3026 tendens,
