2815 3398
315 356 423 395 cuius
449 358 658 405 exemplum
695 357 806 395 babes
843 358 989 396 antistr.
1019 357 1049 395 1.
1080 370 1112 395 v·
1143 358 1192 397 10
1229 358 1265 395 in
1294 359 1417 397 verbis
1453 358 1630 404 ἀκμῆτα
1668 362 1837 406 ταῦρον
1873 359 1926 396 rei
1958 358 2214 407 aptissimum,
2250 359 2475 409 frequentata

315 440 356 464 ea
384 428 455 464 iam
483 427 672 471 Homero,
702 435 760 466 ut:
803 427 921 471 ἦλθε
957 429 1100 473 θεῶν,
1143 425 1264 464 ἔνθα
1305 428 1545 474 θάλασσα,
1581 425 1735 475 Σαμία
1770 426 1843 476 μία
1877 430 1988 472 ναὸς.
2017 449 2066 456 —-

469 509 503 537 v.
534 497 578 536 6.
630 497 703 535 ὕπ’
732 498 926 548 οἴδμασιν
961 499 1100 549 scripsi
1138 511 1221 538 cum
1249 499 1484 546 Hermanno,
1513 497 1716 543 Boedbio,
1743 498 1942 545 aliis,.sed
1972 499 2095 538 minus
2122 507 2289 539 accurate
2316 501 2474 549 explicat

313 569 396 606 ille:
435 569 532 606 inter
559 570 737 607 alluentes
766 570 905 615 undas,
936 570 1049 607 vertit
1078 570 1157 607 hic:
1193 570 1354 618 gwisdnn
1382 572 1447 608 ben
1479 568 1632 618 ‘mugen
1671 568 1755 607 Est
1782 568 1909 618 *potius
1946 570 2052 618 quasi
2091 570 2327 621 ὑποπερῶν,
2366 571 2473 608 ὑπο-

312 638 449 676 πλέων
485 638 679 688 οἴδμασιν
712 652 746 677 s.
784 640 984 689 οἴδματα.
1048 641 1235 678 Nimirum
1269 641 1452 677 sententia
1487 645 1564 677 estt
1608 640 1740 678 Homo
1767 639 1850 678 vehi
1884 651 1949 689 per
1983 650 2084 677 mare
2118 640 2208 686 scit,
2244 652 2310 678 nec
2345 641 2474 679 metuit

316 710 638 748 aestuosissimum
675 709 897 749 saevissima
930 715 1164 760 tempestate,
1206 715 1241 747 et
1274 710 1445 759 quamvis
1480 710 1650 748 navicula
1684 722 1756 748 non
1791 721 1906 759 supra
1942 709 2074 747 fluctus
2107 710 2172 748 sed
2199 711 2327 749 subter
2353 717 2471 756 natet,

315 779 487 818 fluctibus
514 788 549 817 et
575 780 820 831 voraginibus
847 782 1126 832 submergatur,
1154 781 1359 831 obrutaque
1387 787 1573 828 teneatur,
1601 786 1720 818 tamen
1748 781 1829 819 eius
1857 780 2072 831 dirigendae
2100 781 2242 829 peritus
2270 792 2381 830 quum
2408 781 2471 827 sit,

314 849 538 899 subterfugit
567 851 642 888 vim
672 851 849 889 fluctuum
878 858 913 889 et
939 853 1069 901 quibus
1097 851 1325 900 contegitur,
1352 863 1426 889 non
1455 851 1692 900 opprimitur.
1734 849 1790 888 lta
1815 850 1892 888 fere
1918 850 2079 889 Ellendt.
2107 856 2142 888 et
2162 836 2349 889 Wunder.
2405 851 2472 888 Si-

312 920 449 958 militer
475 919 612 970 legitur
640 922 870 971 praepositio
897 933 976 959 cum
1004 932 1123 958 accus.
1154 921 1190 959 in
1220 921 1310 959 Oed.
1328 921 1419 971 Reg.
1438 934 1473 959 v.
1492 920 1583 960 476.
1610 923 1740 971 φοιτᾷ
1760 920 1836 971 γὰρ
1862 919 1930 958 ὑπ’
1959 919 2105 971 ἀγρίαν
2130 917 2238 958 ὕλαν
2256 933 2322 970 per
2338 920 2473 959 silvam

311 996 563 1040 contegentem
590 997 626 1030 et
652 994 914 1037 occultantem,
943 992 994 1028 uti
1023 993 1153 1029 docent
1182 992 1313 1036 verba,
1352 1003 1444 1040 quae
1472 997 1699 1041 sequuntur:
1753 990 1834 1029 ἀνά
1875 990 1912 1027 τ’
1955 989 2090 1040 ἄντρα
2122 989 2190 1026 καὶ
2227 989 2395 1040 πέτρας.
2424 1011 2473 1018 -

308 1061 501 1112 Scriptura
529 1061 602 1099 ἐπ’
629 1062 776 1101 videtur
802 1069 883 1101 orta
909 1075 953 1099 ex
981 1062 1181 1099 Homerico
1209 1061 1385 1111 περόωσι
1411 1062 1571 1098 πουλὺν
1599 1062 1662 1114 ἐφ’
1686 1061 1825 1112 ὑγρήν,
1848 1061 1915 1100 ἐπὶ
1936 1060 2038 1111 μέγα
2055 1061 2214 1109 λαῖτμα
2235 1045 2469 1104 θαλάσσης.

309 1130 447 1180 Odyss.
477 1130 513 1167 δ’
541 1132 630 1178 709,
657 1132 674 1170 έ
703 1132 790 1171 174.
821 1132 909 1172 175.
937 1138 971 1171 et
997 1131 1146 1174 πολιὴν
1171 1130 1348 1178 περόωσι
1375 1130 1620 1169 θάλασσαν.
1638 1152 1683 1158 -
1713 1130 1884 1169 Ceterum
1911 1137 1994 1180 apte
2022 1132 2332 1180 comparabuntur
2353 1130 2469 1168 Jliad.

310 1201 399 1239 libr.
431 1201 466 1239 ό.
496 1215 555 1240 vv.
583 1201 725 1240 381-
745 1199 834 1240 383.

467 1287 501 1313 v.
532 1274 575 1312 7.
631 1273 928 1323 Apostropham,
965 1286 1073 1323 quam
1101 1279 1253 1321 vocant,
1288 1285 1371 1312 sese
1398 1275 1609 1312 offerentem
1644 1274 1925 1323 interpretanti,
1961 1287 2035 1313 non
2061 1274 2207 1323 sprevi,
2241 1285 2351 1324 quum
2377 1285 2470 1311 sen-

312 1345 425 1382 tentia
452 1345 547 1381 haud
576 1350 780 1382 mutaretur
807 1349 842 1381 et
869 1348 998 1392 poetae
1025 1345 1146 1393 graeci
1176 1344 1248 1393 ipsi
1277 1355 1319 1381 ea
1344 1344 1400 1382 sic
1428 1348 1587 1382 utantur.
1646 1344 1742 1383 Vide
1771 1344 1882 1383 verba
1908 1343 2022 1383 Hom.·
2050 1344 2165 1382 Jliad.
2192 1343 2215 1380 ύ
2241 1356 2275 1381 v.
2304 1343 2391 1382 152.
2420 1364 2469 1371 -

307 1414 418 1451 Vers.
445 1413 472 1450 8
512 1420 661 1451 morte
697 1425 865 1450 carens
905 1420 961 1450 est
995 1414 1168 1458 Horatii,
1210 1413 1296 1450 deae
1336 1412 1574 1461 aptissimum
1615 1413 1823 1462 epitheton,
1872 1413 1996 1462 aptius
2035 1413 2144 1450 etiam
2185 1413 2392 1459 videbitur,
2436 1413 2470 1450 si

311 1483 544 1530 memineris,
573 1484 693 1522 mori
721 1483 795 1521 dici
822 1483 932 1520 etiam
961 1495 1020 1520 res
1048 1496 1138 1531 quae
1166 1484 1405 1520 extabescunt
1432 1489 1467 1520 et
1494 1495 1649 1532 quorum
1676 1483 1734 1521 vis
1762 1483 1955 1521 minuitur.
2010 1484 2092 1521 Sic:
2121 1495 2222 1521 mors
2250 1482 2467 1528 memoriae,

311 1554 522 1592 moriuntur
550 1553 699 1601 lacerti,
727 1553 815 1591 alia.
1064 1585 1091 1607 ἃ

464 1637 500 1663 υ.
537 1624 579 1662 9.
635 1623 860 1673 ἰλλομένων
895 1623 1051 1670 retinui,
1092 1607 1165 1662 non
1204 1630 1381 1675 sequutus
1421 1624 1664 1673 Boeckhium,
1704 1625 1767 1675 qui
1805 1623 2019 1674 εἴλομένων
2059 1625 2170 1663 dedit.
2234 1624 2332 1664 Illud
2372 1624 2467 1662 enim

310 1694 519 1733 Scholiasta
546 1694 736 1742 agnoscit,
764 1695 994 1732 commendat
1021 1695 1166 1731 diversa
1193 1696 1381 1742 scriptura
1407 1694 1679 1742 παλλομένων
1712 1700 1747 1732 et
1773 1694 2067 1743 τειλλομένων,
2102 1701 2208 1744 atque
2233 1706 2349 1733 sonus
2376 1706 2468 1744 gra-

308 1766 383 1804 tior
409 1771 495 1815 post
529 1764 812 1815 ἀποτρύεται,
839 1769 876 1802 et
901 1763 1175 1802 accomodatior
1203 1775 1269 1812 per
1296 1776 1357 1810 se,
1389 1764 1539 1802 imitans
1566 1764 1600 1801 is
1630 1769 1798 1802 rotarum
1827 1776 1959 1802 currus
1987 1765 2052 1802 imi
2080 1766 2244 1813 lapsum,
2280 1764 2470 1802 stabilitur

303 1836 462 1886 ‘denique
491 1846 587 1873 vers.
614 1833 712 1882 509,
740 1834 804 1873 ubi
832 1833 870 1872 in
897 1833 1070 1873 omnibus
1098 1833 1209 1873 libris
1235 1831 1464 1870 ὑπίλλουσι
1490 1832 1639 1884 legitur.
1674 1854 1721 1862 -—
1765 1834 1823 1872 De
1859 1834 1971 1872 verbo
2007 1835 2090 1883 ipso
2124 1834 2297 1883 exposuit
2331 1835 2466 1872 Buttm.

306 1907 346 1943 in
373 1907 559 1954 lexilogo,
587 1906 650 1941 sed
676 1916 808 1942 vereor
833 1916 879 1941 ne
905 1915 979 1941 non
1006 1903 1131 1941 omnia
1156 1908 1266 1941 recte.
1321 1903 1500 1952 Equidem
1519 1904 1563 1941 de
1589 1903 1672 1941 eius
1695 1903 1840 1953 origine
1865 1908 1900 1941 et
1927 1904 2047 1953 prima
2073 1903 2340 1954 significatione
2359 1905 2469 1943 aliter

305 1976 511 2015 statuerim.
562 1975 722 2012 Videtur
747 1975 843 2012 enim
863 1974 984 2012 forma
1007 1973 1234 2011 deminutiva
1252 1985 1345 2020 esse,
1375 1979 1413 2012 ut
1435 1986 1479 2012 cx
1505 1975 1629 2012 verbis
1657 1974 1858 2021 κωτίλλω,
1886 1974 1947 2023 (v.
1965 1973 2041 2024 82)
2067 1974 2284 2021 δενδίλλω,
2310 1973 2469 2010 ποικίλ·

304 2047 387 2094 λω,
414 2045 689 2094 ναυτίλλομαι
715 2044 824 2083 facile
849 2044 933 2093 quis
962 2043 1209 2082 coniecturam
1237 2043 1361 2083 faeiat,
1413 2045 1554 2094 Nempe
1580 2057 1602 2082 a
1628 2045 1747 2094 stirpe
1775 2043 1855 2089 ἴω,
1895 2044 1950 2081 ’ἴω
1978 2044 2019 2083 fit
2045 2050 2272 2083 accrescente
2299 2044 2467 2083 semivo-

305 2118 376 2155 cali
402 2117 426 2151 λ
454 2114 539 2152 ἕλω
566 2127 597 2153 s.
626 2115 735 2152 Εέλω
763 2113 927 2164 (ἐέλσαι
955 2114 1071 2152 Jliad.
1097 2114 1139 2165 φ’
1166 2114 1267 2163 295)
1294 2121 1330 2152 et
1356 2127 1398 2152 aa
1424 2115 1630 2164 duplicata,
1661 2114 1782 2154 forma
1809 2115 2035 2154 deminutiva
2069 2127 2103 2154 s.
2138 2115 2321 2154 intensiva
2354 2112 2465 2151 ΐλλω

306 2194 341 2225 et
369 2185 468 2222 ἴλλω
496 2198 537 2223 ac
563 2192 716 2234 propter
742 2186 929 2234 digamma
955 2185 1065 2222 etiam
1094 2183 1247 2231 εΐλλω,
1274 2183 1362 2221 item
1390 2182 1514 2232 εἶ’λω,
1548 2184 1710 2233 simplici
1741 2186 1789 2224 ob
1821 2185 2088 2234 diphthongum
2125 2185 2150 2221 λ
2185 2186 2305 2224 litera.
2358 2186 2420 2223 Sic
2444 2197 2466 2223 a

307 2256 390 2306 γάω
417 2256 458 2295 fit
492 2255 612 2305 γένω,
648 2255 824 2305 γενναίως
843 2268 872 2297 ,α
898 2254 988 2302 uam,
1016 2268 1059 2293 ex
1087 2254 1163 2300 ἰ’ω,
1194 2252 1272 2301 ἴω,
1301 2255 1402 2303 (cio,
1430 2255 1563 2304 ceveo)
1583 2276 1631 2283 —
1659 2256 1782 2302 κέλω,
1811 2255 1937 2291 κέλλω
1965 2256 2127 2305 (collo),
2156 2255 2279 2292 κίλλω
2306 2256 2463 2306 (cillo),

305 2328 401 2377 quod
428 2333 600 2377 superest
628 2327 665 2364 in
693 2325 924 2376 κίλλουρος,
961 2326 1204 2371 motacilla,
1239 2332 1274 2363 et
1303 2325 1511 2375 ἔγκιλλος,
1547 2326 1683 2372 canda,
1716 2333 1751 2365 et
1778 2326 1909 2371 πέλω,
1946 2325 2080 2363 πέλλω
2108 2326 2279 2375 (pello),
2316 2325 2460 2362 πάλλω

304 2397 596 2446 (καταπέλτης
639 2404 674 2433 ct
709 2397 999 2442 καταπάλτης)
1040 2403 1075 2432 et
1114 2395 1239 2443 βέλω,
1280 2394 1439 2445 βάλλω,
1481 2384 1509 2431 α
1538 2394 1638 2444 βδέω
1669 2416 1718 2424 -
1756 2395 1979 2445 §adamam
2014 2395 2246 2447 (Hesych.),
2287 2394 2464 2445 βδέλλω,

305 2467 486 2515 βδύλλως
516 2481 537 2505 a
564 2466 691 2511 τέλω,
720 2466 842 2502 τελέω
872 2489 917 2493 -
946 2466 1102 2509 τέλλως
1129 2478 1151 2502 a
1178 2467 1293 2502 στάω
1314 2487 1361 2493 -
1382 2465 1566 2511 στέλλω,
1595 2479 1616 2503 a
1643 2467 1730 2503 θάω
1749 2488 1799 2495 -—
1822 2467 1964 2505 θάλλω
1996 2468 2143 2518 (Etym.
2171 2467 2226 2505 M.
2253 2466 2341 2505 441.
2367 2466 2463 2517 34),

304 2550 326 2576 a
353 2538 430 2587 βύω
458 2561 506 2567 -
535 2538 693 2587 βύλλω,
721 2550 742 2575 a
769 2536 859 2583 ψάω
880 2559 927 2565 -
951 2536 1107 2584 ψάλλω.
1159 2537 1218 2574 Ad
1246 2536 1333 2573 ἕ“λω
1362 2539 1547 2586 pertinent
1574 2539 1713 2576 formae
1739 2540 1867 2588 ἐλάω,
1896 2539 2072 2585 ἐλαύνω,
2101 2536 2270 2585 ἐλάττω,
2299 2537 2462 2582 ἑλίσσω,

306 2606 467 2654 ἐλελίζω
494 2608 565 2655 al.3
595 2608 639 2646 ad
669 2605 805 2654 mam,
833 2606 956 2653 ἶλλω,
985 2607 1113 2645 εΐλλω
1141 2620 1173 2646 s.
1200 2608 1301 2644 εἶ’λω
1328 2608 1473 2647 formae
1500 2607 1665 2657 γέλλαι,
1694 2608 1877 2658 γελλίξαι
1903 2611 2021 2660 (Hes.
2041 2609 2176 2654 τῖλαι,
2205 2607 2464 2656 συνειλῆσαι)

304 2690 461 2731 quocum
489 2685 525 2717 et
550 2678 706 2718 τίλλειν
733 2685 768 2718 et
794 2678 968 2727 κίλλειν,
995 2678 1152 2717 κέλλειν
1178 2690 1211 2718 s.
1237 2679 1404 2718 πέλλειν
1432 2680 1532 2731 (vid.
1560 2680 1691 2730 supr.)
1718 2687 1890 2731 cognata,
1921 2692 2031 2731 quum
2058 2681 2243 2731 digamma
2269 2679 2460 2717 obdurue-

302 2751 375 2797 rit,
412 2763 527 2799 porro
568 2750 731 2796 ἑλλίζων
764 2750 931 2800 (Hes.),
970 2750 1105 2795 εἰλέω,
1139 2750 1281 2796 εἰλάω,
1319 2750 1458 2796 εἰλύω,
1495 2750 1699 2796 εἰλινδέω,
1734 2751 1936 2797 ἀείλλειν,
1979 2750 2181 2797 αἰόλλειν,
2220 2748 2377 2787 ἰάλλειν
2410 2750 2459 2787 al.

305 2821 547 2859 Manifestum
576 2827 631 2858 est
658 2819 765 2858 Εέλω
800 2826 997 2870 cognatum
1024 2833 1106 2859 esse
1132 2833 1213 2859 cum
1241 2823 1358 2861 latino
1395 2826 1550 2860 ver-to
1587 2821 1679 2871 (cfr.
1708 2821 1844 2871 μέλος,
1886 2833 1975 2860 cura
2009 2827 2045 2860 et
2082 2819 2274 2869 μέριμνα,
2317 2818 2461 2869 μέλος,

305 2892 510 2930 membrum
538 2899 573 2929 et
603 2890 743 2942 μέρος)
770 2897 806 2929 et
831 2895 961 2931 nostro
998 2894 1158 2931 menam.
1212 2891 1365 2937 Εελλω,
1404 2890 1502 2929 ἴλλω
1535 2895 1656 2931 amem
1688 2898 1745 2931 est
1779 2894 1934 2931 latinum
1970 2893 2099 2930 vello
2135 2890 2254 2939 (unde
2281 2896 2316 2928 et
2342 2892 2461 2927 vellus

304 2968 340 2999 et
368 2962 504 3008 villus3
540 2962 607 3000 cfr.
644 2962 822 3012 ver-ro)
856 2967 891 3000 et
926 2963 1082 3002 volvo.
1143 2962 1230 3002 Sine
1269 2975 1292 3001 v
1327 2962 1436 3003 litera
1474 2962 1550 3013 dig.
1589 2961 1700 3002 habes
1736 2962 1774 3003 in
1810 2962 1992 3002 adulari
2030 2961 2058 3002 i.
2086 2974 2116 3001 e.
2151 2960 2330 3008 adullari,
2366 2961 2462 3012 quod
