2815 3398
325 356 524 397 BREVES
549 354 741 393 NOTAE.

479 481 514 508 v.
549 469 586 505 1.
641 469 912 517 Argumentum
939 465 1116 518 carminis
1153 466 1368 505 invictus
1406 467 1520 504 Amor
1548 470 1617 505 est.
1669 464 1897 504 Enuntiatur
1926 466 1993 505 hoc
2021 478 2129 505 versu
2158 466 2216 514 1.‚
2253 471 2291 504 ut
2318 464 2351 503 is
2378 464 2484 514 quasi

326 542 447 581 thema
475 540 762 589 complectatur,
789 537 884 588 quod
911 541 1021 586 poeta
1046 537 1122 575 sibi
1153 538 1446 587 pertractandum
1475 536 1684 587 proposuit.
1737 534 1894 575 Constat
1918 544 2041 575 antem
2068 537 2161 576 illud
2193 537 2250 575 dei
2287 535 2485 579 ἀνίκητον

326 618 362 651 et
388 612 555 651 cernitur
583 611 620 648 in
648 623 710 657 eo,
746 609 842 659 quod
869 608 960 646 deus
1000 608 1376 657 ἀκαμαντοχάρμης
1416 607 1592 658 quidquid
1624 606 1860 657 aggreditur,
1897 608 1930 644 ei
1966 607 2173 644 succumbit
2207 613 2241 644 et
2277 607 2486 645 certissima

330 682 468 732 praeda
494 688 570 728 est,
600 688 673 719 tum
701 679 797 730 quod
824 678 918 718 nihil
945 691 1021 718 non
1048 679 1263 730 aggreditur
1290 686 1325 717 et
1352 678 1528 728 corripit,
1557 678 1711 727 denique
1737 677 1833 727 quod
1858 677 2033 727 quidquid
2061 683 2269 725 correptum
2288 684 2323 715 et
2341 685 2486 726 captum

331 754 378 791 ab
405 765 448 791 eo
475 758 550 797 est,
585 756 730 800 captum
758 756 901 788 tenetur
940 762 1006 788 nec
1032 750 1206 800 aufugere
1233 755 1367 799 potest.
1396 770 1445 776 —-
1492 748 1585 786 Nam
1621 747 1829 787 vinceretur
1863 749 1998 794 Amor,
2033 748 2068 785 si
2103 747 2186 797 quis
2221 747 2303 785 eius
2339 748 2413 785 vim
2451 748 2486 784 vi

332 829 458 872 posset
483 821 693 871 opprimere
719 832 831 870 seque
861 821 907 859 ab
934 833 977 858 eo
1005 821 1178 858 liberare.
1207 840 1257 847 —
1292 818 1461 870 Ἔρως.
1515 819 1572 857 De
1600 819 1666 857 hac
1691 818 1917 869 apostrophe
1944 818 2017 856 vid.
2045 818 2256 867 Bernhardy
2292 818 2330 855 in
2352 811 2487 856 *libroz

334 891 531 940 wiffenl'dl.
561 892 679 938 ῦυηῐ.
713 903 749 939 p.
770 890 835 929 74.
864 890 1061 936 additam„
1090 896 1125 927 et
1149 891 1247 928 conf.
1273 903 1306 927 v.
1336 891 1469 933 1115„
1499 889 1590 927 Oed.
1617 888 1701 927 001.
1731 902 1768 926 v.
1794 889 1884 927 712.
1912 909 1961 915 —
1995 888 2206 926 ἀνίκατε
2242 887 2484 937 indomitje.

332 960 459 1000 Primo
487 960 733 1010 scripseramz
773 961 917 1008 „Amor
943 958 1067 1000 duello
1097 959 1363 1006 indomitus“‚
1391 971 1486 997 nunc
1514 960 1604 997 illud
1634 960 1810 1008 praetuli,
1840 960 2075 1009 ultimamque
2106 966 2140 998 et
2168 959 2269 997 verbi
2296 965 2331 997 et
2358 970 2487 996 versus

330 1043 404 1069 non
432 1031 618 1068 haesitans
646 1029 818 1079 produxi.
847 1050 896 1057 -
941 1028 1094 1068 Confer.
1122 1029 1274 1068 Anthol.
1303 1029 1351 1067 V.
1385 1029 1445 1069 14.
1471 1026 1599 1078 Ἔρως
1627 1028 1845 1073 δυςνίκητε.

484 1133 563 1161 ωε.
588 1120 635 1159 2.
659 1119 703 1160 3.
729 1120 770 1159 4.
827 1119 929 1159 Olim
956 1132 1014 1158 me
1040 1126 1206 1160 tenuerat
1241 1121 1389 1170 opinio,
1429 1120 1579 1159 verbam
1618 1120 1798 1169 κτήμασι
1824 1131 1905 1159 esse
1932 1126 2146 1168 corruptum
2184 1126 2219 1157 et
2252 1119 2485 1157 scribendum

329 1189 514 1241 δώμασι,
549 1192 660 1229 sicuti
687 1191 785 1241 apud
810 1191 945 1229 Aesch.
975 1191 1108 1241 Agam.
1136 1203 1171 1229 v,
1202 1189 1301 1229 1469
1326 1191 1485 1240 legiturz
1526 1190 1700 1240 δαῖμον,
1728 1189 1770 1234 ὃς
1799 1190 2003 1239 ἐμπιτνεῐς
2031 1189 2203 1237 δώμασι,
2232 1189 2323 1237 (cfr.
2349 1189 2484 1237 Odyss.

330 1261 376 1309 β’.
404 1261 488 1308 45.,
517 1260 552 1299 ό.
579 1260 703 1309 375);
741 1267 846 1310 post,
874 1272 918 1298 ea
943 1260 1132 1310 deposita,
1160 1260 1385 1306 Hermanni,
1418 1260 1589 1298 Passovii
1618 1262 1847 1311 aliorumque
1873 1261 2090 1300 sententiam
2116 1261 2384 1310 amplectebar,
2425 1263 2485 1310 qui

330 1331 526 1380 κτήματα
562 1333 839 1381 opulentos,
876 1332 1053 1369 divites
1091 1333 1147 1369 vel
1184 1339 1406 1379 potentes
1441 1330 1652 1380 significare
1687 1332 1757 1368 rati
1785 1337 1891 1378 sunt,
1932 1332 2068 1369 recessi
2104 1339 2224 1369 tamen
2260 1332 2306 1370 ab
2335 1331 2414 1369 illis
2443 1344 2486 1369 eo

329 1407 368 1439 ut
395 1401 601 1450 crederem,
635 1407 859 1451 potentes
894 1406 1005 1451 poeta
1031 1402 1065 1440 si
1092 1401 1303 1450 significare
1330 1402 1507 1447 voluerit,
1539 1403 1813 1450 oppositionem
1838 1413 1948 1450 quam
1977 1409 2127 1447 vocant,
2156 1414 2258 1447 esse,
2289 1403 2484 1438 verborum

326 1471 494 1520 proxime
519 1471 772 1521 sequentium,
806 1476 842 1510 et
876 1471 997 1511 dicere
1021 1482 1128 1519 eum,
1164 1471 1340 1511 Amorem
1369 1478 1442 1512 tam
1475 1478 1663 1522 potentem
1699 1485 1802 1520 esee,
1838 1479 1877 1510 ut
1915 1480 2078 1521 potentes
2110 1474 2304 1511 adoriatur
2340 1479 2375 1508 et
2413 1479 2484 1508 tam

326 1549 492 1579 tenerum
518 1554 561 1578 ac
588 1543 807 1589 delicatum,
836 1548 876 1580 ut
902 1542 1098 1592 „pulchris
1126 1542 1312 1592 virginum
1340 1543 1495 1581 excubat
1522 1542 1561 1581 in
1587 1543 1741 1594 genis“‚
1776 1542 1835 1581 sin
1872 1535 2052 1581 divites
2088 1549 2131 1581 et
2167 1549 2410 1591 potentes,
2451 1543 2486 1579 in

326 1619 447 1650 mente
474 1624 558 1649 eum
595 1613 770 1649 babuisse
805 1613 912 1649 illum
947 1614 1122 1649 Amorem
1158 1613 1238 1648 sive
1273 1611 1514 1661 Cupidinem,
1552 1614 1614 1662 qui
1656 1612 1844 1651 Mercurio
1880 1618 1991 1651 nattis
2032 1610 2167 1650 dicitur
2206 1610 2309 1662 (cic.
2339 1611 2382 1649 de
2411 1618 2485 1649 nat.

327 1681 429 1721 deor.
457 1681 526 1726 111.
554 1681 630 1731 23)
657 1688 693 1721 et
719 1683 904 1732 cogitasse
929 1682 1071 1721 similia
1100 1682 1178 1720 illis
1206 1694 1297 1730 quae
1323 1683 1508 1730 expressit
1535 1684 1669 1721 Seneca
1696 1685 1849 1733 Hippoi.
1884 1695 1959 1723 vss.
1985 1682 2061 1721 203
2078 1683 2240 1721 —2142
2289 1682 2484 1734 „quisquis

324 1751 498 1791 secundis
526 1752 636 1791 rebus
663 1753 825 1792 exsultat
852 1752 986 1800 nimis,
1015 1752 1165 1802 fluitque
1192 1753 1283 1790 luxu
1305 1761 1456 1801 semper
1483 1752 1635 1791 insolita
1661 1760 1856 1802 appetens:
1899 1754 1993 1791 hunc
2020 1754 2086 1791 illa
2113 1765 2266 1803 magnae
2294 1754 2375 1790 dira
2404 1753 2486 1789 l'or-

325 1828 434 1860 tunae
470 1834 592 1861 comes
632 1823 733 1860 subit
771 1822 908 1869 libido,
949 1827 985 1860 et
1020 1834 1055 1872 q.
1084 1833 1117 1859 s.
1144 1822 1206 1860 r.“
1233 1842 1282 1848 —
1330 1833 1459 1872 nempe
1489 1821 1582 1869 -hoc,
1633 1833 1862 1862 commanem
1904 1835 1986 1860 esse
2021 1823 2176 1861 divitum
2213 1830 2247 1861 et
2285 1835 2484 1871 pauperum

325 1894 525 1937 Amorem,
554 1893 600 1930 ab
627 1904 742 1941 eoque
770 1892 894 1930 furere
922 1899 1119 1942 utrosque,
1148 1892 1458 1930 vehementiorem
1484 1898 1605 1929 tamen
1634 1892 1786 1930 illorum
1811 1903 1895 1929 esse
1922 1891 2108 1938 furorem,
2144 1893 2370 1930 accedere
2404 1904 2485 1929 eum

326 1962 371 2000 ad
401 1962 505 2007 hos,
532 1960 712 2011 (φοιτᾷς
742 1961 783 1998 ἐν
812 1960 1052 2012 ἀγρονόμοις
1081 1960 1251 2010 αὐλαῖς)
1280 1962 1469 1998 irruere
1495 1960 1534 1998 in
1564 1962 1683 1999 illos
1710 1961 1778 2009 (ἐν
1805 1960 1984 2009 κτήμασι
2011 1961 2256 2011 πίπτεις).
2285 1982 2333 1988 —-
2381 1962 2487 2000 Nunc

326 2041 546 2080 persuasum
587 2031 726 2077 habeo,
768 2041 894 2069 verum
935 2030 1074 2069 vidisse
1103 2030 1316 2081 -Reisigium
1351 2039 1408 2079 et,
1448 2032 1508 2080 qui
1544 2043 1628 2069 eum
1664 2039 1838 2080 sequutus
1874 2038 1950 2077 est,
1988 2033 2180 2078 Wexium‚
2217 2040 2252 2069 et
2278 2032 2486 2080 significare

327 2105 471 2149 potitam
505 2101 618 2138 verbo
647 2100 828 2149 κτήμασι
861 2101 1027 2138 voluisse
1054 2101 1148 2138 nihil
1175 2101 1276 2139 aliud
1313 2114 1421 2153 quam
1458 2102 1586 2139 Amori
1618 2101 1932 2152 mancipatos.
1998 2101 2104 2146 Quod
2143 2109 2180 2140 ut
2217 2102 2484 2147 demonstrem,

326 2170 547 2220 singillatim
576 2172 700 2219 potius
728 2183 836 2220 quam
874 2172 1066 2216 universe,
1108 2183 1200 2219 quae
1234 2172 1304 2207 huc
1340 2173 1542 2219 pertinent,
1581 2172 1808 2219 exsequenda
1840 2180 1939 2208 sunt.
1972 2192 2014 2197 —
2056 2170 2134 2215 Ὃς
2171 2171 2220 2208 ἐν
2256 2170 2484 2220 κτήμασι

324 2239 554 2284 πίπτεις.
596 2252 722 2290 propr.
750 2241 813 2290 qui
838 2241 983 2279 involas
1011 2242 1049 2279 in
1078 2241 1337 2290 possessiones
1365 2240 1468 2289 (Cic.
1498 2241 1541 2277 de
1570 2241 1673 2277 Orat.
1702 2240 1769 2277 ΙΙΙ.
1797 2242 1891 2289 31),
1921 2242 1957 2277 in
1987 2243 2169 2289 mancipia
2196 2241 2330 2289 (Ovid.
2355 2242 2399 2277 P.
2419 2241 2485 2276 lv.

324 2310 361 2346 5.
397 2309 473 2358 40)
508 2329 558 2334 —
601 2311 824 2358 mancipiis
869 2310 985 2354 verti,
1029 2322 1100 2360 quo
1140 2322 1272 2360 graeco
1315 2310 1470 2360 propius
1512 2309 1729 2347 accederem.
1758 2331 1802 2336 —
1860 2310 1939 2349 Hoc
1979 2324 2051 2349 non
2093 2318 2213 2360 potest
2253 2310 2483 2360 significare:

324 2381 498 2426 „involas
526 2380 565 2417 in
593 2380 775 2428 mancipia
803 2387 885 2427 tua,
913 2392 1005 2429 quae
1034 2386 1095 2417 tua
1123 2386 1258 2426 sunt“,
1301 2393 1383 2418 nam
1420 2388 1519 2418 caret
1556 2381 1706 2416 verbum
1733 2380 1909 2428 articulo,
1947 2388 2042 2418 recte
2079 2388 2219 2427 tamen,
2254 2387 2292 2419 ut
2329 2380 2483 2429 Wexius

324 2451 498 2500 opinatus
535 2457 613 2498 est,
652 2463 718 2499 per
753 2450 1053 2500 anticipationem
1091 2452 1271 2501 quandam
1302 2452 1460 2501 intelligi
1498 2451 1565 2488 hoc
1602 2450 1730 2488 modo:
1767 2452 1827 2499 qui
1865 2452 2010 2489 involas
2046 2452 2097 2489 ita
2133 2458 2171 2488 ut
2207 2451 2388 2501 mancipia
2424 2459 2484 2489 tua

325 2520 432 2567 fiant,
461 2521 499 2558 in
527 2533 619 2571 quos
647 2521 816 2569 involas,
843 2521 946 2570 quasi
978 2521 1020 2565 ὃς
1047 2521 1215 2566 πίπτεις
1244 2521 1286 2559 ἐν
1314 2520 1373 2566 οἶς
1401 2521 1622 2565 κέκτησαι,
1661 2533 1727 2570 pro
1755 2533 1796 2559 eo
1824 2522 1921 2570 quod
1956 2529 2180 2561 consuerunt
2217 2521 2258 2568 ὃς
2286 2523 2484 2566 κέκτησαι

326 2591 369 2629 ἐν
398 2589 456 2635 οἷς
484 2591 644 2636 πίπτεις
671 2604 702 2629 s.
733 2591 775 2629 ἐν
804 2590 863 2636 οἷς
894 2591 947 2629 ἄν
972 2591 1139 2641 πίπτῃς.
1195 2594 1257 2630 Sic
1293 2593 1424 2641 Oedip.
1453 2591 1537 2630 Col.
1575 2604 1609 2626 v.
1640 2591 1737 2630 1106
1774 2592 1904 2635 αἰτεῖς
1942 2590 1966 2626 ἂ
2004 2592 2136 2637 τεύξει
2176 2593 2201 2631 i.
2233 2607 2264 2632 e.
2295 2593 2429 2638 τεύξει
2456 2590 2484 2628 οἳ

326 2660 470 2707 αἰτεῖς,
511 2673 552 2698 ac
580 2668 708 2700 nostro
738 2664 820 2701 loco
856 2662 1048 2701 simillime
1075 2662 1248 2711 Xenoph.
1286 2662 1423 2712 Cyrop.
1452 2662 1521 2700 IV.
1548 2662 1585 2698 2.
1614 2661 1677 2700 21.
1717 2661 1934 2710 ἡττημένοι
1972 2676 2017 2698 τε
2057 2664 2132 2712 γὰρ
2169 2661 2348 2711 ὄψονται
2382 2665 2482 2712 ἡμᾶς

325 2729 393 2766 καὶ
422 2751 470 2758 —-
498 2732 816 2780 κατειλημμένοι
846 2729 1033 2770 ἔσονται.
1071 2734 1093 2773 ἰ.
1122 2746 1153 2770 e.
1189 2732 1291 2776 ἡνίκ’
1325 2732 1376 2770 ἂν
1412 2732 1529 2768 ἴδωσι
1562 2743 1595 2769 s.
1633 2731 1801 2779 ὁρῶσιν,
1842 2732 2155 2776 ἡττηθήσονται
2194 2747 2213 2771 s
2264 2736 2482 2784 ἡττημένοι

325 2800 507 2839 ἔσονται.
562 2802 647 2840 Non
675 2803 783 2840 aliter
811 2804 845 2840 h.
876 2805 901 2841 Ι.
932 2801 973 2846 ὃς
1001 2803 1044 2840 ἐν
1072 2803 1308 2852 ἡττημένοις
1338 2803 1409 2839 καὶ
1436 2802 1770 2852 κατειλημμένοις
1798 2816 1831 2843 s.
1857 2804 2114 2853 κεκτημένοις
2143 2805 2295 2854 (pass.)
2316 2805 2481 2850 πίπτεις,

324 2870 473 2919 Κτῆμα
502 2872 598 2908 enim
626 2875 707 2907 τοῦ
724 2871 896 2921 Ἔρωτος
925 2880 980 2910 est
1010 2871 1120 2916 ὅστις
1149 2874 1328 2916 ἥττηται
1355 2874 1425 2909 καὶ
1454 2872 1597 2922 ἔχεται
1625 2873 1730 2922 αὐτῷ
1756 2880 1790 2911 et
1818 2874 1891 2913 sere
1926 2874 2189 2924 αἰχμάλωτος
2230 2875 2299 2911 καὶ
2335 2876 2482 2926 ἀνδρά-

323 2939 470 2977 ποδον,
525 2940 709 2980 Nimirum
739 2942 782 2981 de
808 2943 946 2981 Amore
974 2943 1212 2982 bellatore
1239 2944 1380 2993 agitur,
1409 2945 1452 2983 de
1479 2945 1615 2983 Martis
1642 2934 1717 2983 lilio
1758 2944 1857 2994 (Cic.
1886 2947 1929 2984 de
1957 2953 2029 2983 nat.
2058 2947 2091 2984 d.
2121 2946 2188 2985 111.
2217 2947 2304 2996 23).
2361 2948 2483 2984 Simi-
