2723 3438
1339 258 1408 294 21

306 409 387 434 cum
416 398 539 436 verbis
566 397 866 436 antecedentibus
893 399 1186 449 coniunguntur,
1225 413 1378 451 cumque
1414 414 1528 452 supra
1561 403 1699 440 dictum
1726 406 1794 451 sit,
1835 404 1936 442 Iovis
1972 405 2045 441 vim
2083 415 2115 441 s.
2153 404 2353 453 potentiam
2389 416 2450 441 nec

307 480 437 508 somno
478 481 543 507 nec
583 474 746 517 tempore
785 470 866 518 capi
907 472 964 509 vel
1004 471 1204 519 devinciri,
1245 474 1271 511 i.
1297 486 1330 512 e.
1365 486 1444 512 eam
1480 486 1596 524 neque
1623 476 1737 513 ullum
1767 484 1910 525 tempus
1937 475 2121 524 quiescere
2146 482 2181 513 et
2208 475 2451 522 inter-rumpi,

308 550 423 589 neque
449 550 623 588 umquam
649 550 793 578 cessare
819 546 854 579 et
880 540 1047 581 desinere
1073 553 1174 590 esse,
1203 543 1313 582 verba
1342 543 1395 582 τό
1422 544 1461 582 τ’
1490 542 1656 590 ἔπειτα,
1687 546 1823 595 quibus
1849 545 1945 597 quod
1973 551 2030 584 est
2056 544 2266 584 continuum
2291 552 2337 599 ‘et
2371 544 2453 583 sine

308 609 585 647 intermissione
611 616 814 658 perrectum
842 611 1092 661 significatur,
1131 613 1176 650 ad
1216 613 1339 653 illud
1378 621 1563 664 spectant,
1600 615 1643 653 ad
1685 615 1768 654 hoc
1809 628 1939 654 rursus
1969 617 2080 654 verba
2107 613 2175 650 καὶ
2201 613 2251 651 τὸ
2281 614 2449 663 μέλλον,

307 690 398 728 quae
424 685 567 729 tempus
593 679 660 718 fut.
685 679 867 719 infinitum
896 681 958 730 (in
979 695 1087 721 omne
1108 683 1273 734 aevum.)
1300 684 1498 725 declarant.
1551 685 1721 731 Accedit,
1749 687 1844 736 quod
1873 687 2009 726 incisio
2037 691 2122 737 post
2143 684 2253 723 verba
2271 684 2321 721 τὸ
2341 683 2450 735 πρίν,

309 749 430 799 qualis
456 756 511 786 est
537 750 667 796 etiam,
706 762 924 801 quamquam
951 752 1087 799 levior,
1129 753 1167 790 in
1193 754 1440 805 antistrophe,
1484 757 1630 794 aurium
1669 755 1805 793 iudicio
1832 757 2105 794 commendatur
2131 755 2169 794 ei
2193 754 2449 792 admirabilem

309 820 488 868 quandam
516 820 590 857 vim
619 821 739 859 habet.
763 843 813 849 —
858 823 1130 860 Sententiarum
1158 823 1269 862 huius
1294 826 1467 874 strophae
1501 827 1593 864 ordo
1625 838 1736 876 quum
1777 826 1960 863 videretur
1995 827 2052 863 hic
2085 837 2188 863 esse:
2229 826 2302 860 οὐκ
2338 822 2452 860 ἔστιν

307 889 535 940 ἀνθρώπω
562 889 670 937 ὅστις
697 893 772 937 τὴν
802 891 877 937 σὴν
904 892 1101 939 δύνασιν,
1130 891 1159 931 ὦ
1186 895 1285 940 Ζεῦ,
1313 894 1548 946 κατάσχοι,
1583 896 1671 946 (qui
1696 897 1740 934 ad
1771 897 1840 935 hoc
1866 896 2031 946 aspirare
2057 895 2327 946 (cogitatione)
2360 906 2453 944 pos-

307 962 378 1006 sit,
407 969 446 1000 ut
472 962 638 1000 cohibeat
663 963 730 1001 cfr.
755 964 810 1002 Ji.
840 964 886 1002 V.
913 963 1027 1013 407.)
1055 962 1106 1008 ἢν
1132 963 1230 1002 οὔτε
1256 965 1383 1011 ὕπνος
1410 967 1516 1018 αἱρεῖ
1543 966 1639 1003 οὔτε
1666 965 1827 1017 χρόνος,
1857 964 1904 1010 ἢν
1931 965 1975 1003 δὲ
2001 966 2149 1015 ἀγήρως
2175 964 2304 1015 χρόνῳ
2332 962 2453 1013 ἔχων,

308 1030 521 1079 Ὀλύμπου
548 1031 699 1082 αἴγλαν
725 1034 934 1084 κατέχεις,
965 1036 1056 1073 olim
1083 1036 1315 1089 existimavi,
1350 1036 1525 1075 δύνασιν
1552 1043 1735 1086 tamquam
1763 1037 1948 1075 notionem
1976 1035 2211 1084 primariam,
2247 1047 2311 1083 per
2336 1040 2452 1071 totam

309 1102 504 1139 verborum
533 1104 820 1151 complexionem
848 1105 1110 1153 pertinentem,
1146 1106 1329 1155 pertinere
1362 1106 1471 1145 etiam
1507 1107 1551 1144 ad
1589 1107 1699 1144 verba
1735 1106 1945 1156 sequentia,
1972 1111 2007 1143 et
2035 1105 2072 1142 in
2107 1105 2203 1142 hunc
2233 1104 2378 1141 modum
2413 1114 2454 1140 ea

307 1172 550 1209 construenda
578 1184 660 1211 esse
685 1173 797 1212 duxi:
833 1174 885 1210 τό
911 1173 950 1210 τ’
979 1173 1123 1212 ’ἔπειτα
1148 1175 1219 1212 καὶ
1254 1176 1304 1212 τὸ
1343 1177 1492 1225 μέλλον
1529 1175 1601 1211 καὶ
1633 1176 1683 1212 τὸ
1719 1175 1815 1226 πρὶν
1850 1175 2075 1226 ἐπαρκέσει.
2116 1174 2193 1223 (sc.
2229 1174 2250 1216 ἡ
2287 1174 2452 1217 δύνασις

307 1240 403 1286 Διός
422 1262 469 1268 -
491 1243 658 1291 durabit,
687 1243 822 1282 valebit
849 1245 886 1282 in
915 1256 1023 1284 omne
1047 1257 1198 1294 aevum,
1225 1245 1424 1298 αὐτάρκης
1453 1246 1611 1295 ἔσται.)
1652 1245 1772 1295 νόμος
1800 1244 1873 1282 ὅδ’·
1909 1245 1985 1296 (sc.
2013 1244 2156 1294 ἐστίν)
2191 1244 2307 1280 οὐδὲν
2344 1242 2453 1291 ἕρπει

308 1312 354 1361 (ἡ
382 1312 576 1362 δύνασις)
605 1315 772 1350 θνατῶν
800 1314 919 1363 βιότῳ
945 1315 1157 1366 ’πάμπολις
1187 1316 1301 1361 ἔκτος
1327 1315 1448 1360 ἄτας.
1485 1318 1568 1365 (lex
1596 1318 1722 1353 haecce
1748 1322 1823 1353 est:
1850 1316 2059 1364 Numquam
2085 1316 2224 1352 accedit
2250 1315 2353 1351 lovis
2382 1328 2453 1362 po-

307 1384 421 1421 tentia
446 1385 542 1422 vitae
579 1385 789 1423 mortalium
825 1398 858 1423 s.
894 1388 1114 1425 mortalibus
1153 1389 1240 1425 dnm
1275 1390 1313 1426 in
1348 1388 1426 1425 vita
1458 1394 1564 1432 sunt,
1600 1400 1664 1434 per
1697 1399 1823 1423 omnes
1855 1387 2024 1423 civitates
2059 1385 2196 1422 florens
2230 1397 2272 1422 ac
2309 1387 2455 1433 vigens,

306 1454 387 1492 sine
413 1466 510 1493 noxa
535 1460 570 1493 et
597 1455 779 1504 pernicie,
813 1456 894 1494 sine
920 1458 1146 1504 calamitate,
1185 1469 1238 1497 sc.
1270 1470 1352 1496 cnm
1379 1457 1552 1506 accedit).
1582 1479 1628 1484 —
1670 1457 1804 1495 Postea
1837 1467 1946 1506 quum
1977 1455 2175 1499 vidissem,
2203 1456 2313 1493 verba
2339 1453 2392 1490 τό
2419 1454 2455 1489 τ’

306 1523 453 1560 ἔπειτα
470 1545 518 1553 -
537 1523 587 1562 τὸ
612 1523 710 1576 πρὶν
737 1526 874 1564 rectius
900 1537 983 1565 cum
1011 1527 1270 1578 superioribus
1296 1527 1491 1578 coniungi,
1520 1532 1640 1566 cetera
1667 1526 1737 1565 hoc
1763 1525 1872 1565 modo
1899 1535 2119 1575 componere
2144 1524 2302 1574 placuit:
2332 1523 2456 1572 ἐπαρ·

307 1593 416 1630 κέσει
442 1594 566 1645 νόμος
593 1595 665 1634 ὅδ’.
694 1595 812 1634 οὐδὲν
838 1595 951 1646 ἕρπει
983 1609 1016 1636 ε.
1044 1610 1079 1648 q.
1107 1609 1139 1636 s.
1169 1611 1199 1637 r.
1239 1599 1417 1648 (Valebit
1453 1598 1580 1635 haecce
1615 1599 1693 1635 lex:
1741 1598 1948 1645 neutiquam
1984 1595 2122 1633 accedit
2156 1595 2258 1632 Iovis
2294 1595 2455 1643 potamia

304 1665 541 1713 omnipotens
567 1666 663 1703 vitae
690 1667 877 1704 hominum
898 1687 947 1694 —
966 1680 1019 1706 sc.
1039 1679 1121 1704 cum
1147 1669 1286 1705 aceedit
1303 1688 1354 1695 -
1372 1670 1454 1705 sine
1475 1668 1717 1716 calamitate.)
1735 1686 1783 1692 —
1811 1667 1918 1703 Nunc
1934 1678 2024 1703 vero
2042 1677 2100 1702 me
2118 1666 2232 1702 «nuuc
2250 1671 2454 1708 moverent,

306 1746 379 1772 non
398 1735 507 1772 modo
535 1736 578 1772 de
606 1737 677 1773 ista
705 1738 805 1774 verbi
834 1737 1049 1786 ἐπαρκέσει
1070 1737 1343 1786 significatione
1361 1739 1556 1783 dubitatio,
1580 1744 1620 1774 ut
1637 1738 1749 1774 aliam
1768 1737 1866 1773 viam
1884 1736 2028 1779 inirem,
2047 1746 2120 1783 qua
2136 1745 2284 1782 posse·
2303 1734 2348 1770 ad
2369 1736 2454 1781 pla-

305 1815 389 1842 nam
417 1811 524 1853 atque
549 1816 675 1843 sanam
704 1805 922 1843 sententiam
949 1806 1153 1855 pervenire.
1206 1806 1292 1844 Non
1318 1813 1437 1844 tamen
1465 1819 1543 1844 eam
1569 1806 1696 1855 potui,
1723 1816 1830 1855 quam
1859 1803 2085 1842 Winievski
2112 1809 2358 1853 persequutus
2386 1809 2453 1848 est,

307 1875 596 1924 quandoquidem
625 1887 669 1912 ne
696 1887 821 1912 verum
850 1875 993 1925 quidem
1010 1882 1080 1923 est,
1101 1887 1211 1914 unum
1231 1888 1251 1915 e
1266 1876 1484 1915 scholiastis
1508 1877 1565 1915 vel
1591 1876 1725 1926 legisse
1748 1876 1805 1913 vel
1829 1875 2032 1913 coniecisse
2055 1873 2199 1923 ἕρπων.
2241 1872 2335 1918 Imo,
2358 1873 2455 1924 quod

306 1946 384 1983 sole
411 1946 550 1984 clarius
577 1954 644 1991 est,
669 1952 750 1984 ante
768 1947 896 1985 oculos
912 1945 1117 1985 habueram
1137 1946 1376 1994 scholiastae,
1402 1947 1478 1986 nisi
1500 1952 1704 1996 utrumque,
1723 1951 1758 1983 et
1781 1944 1916 1995 ἕρπειν
1943 1951 1978 1983 et
1999 1942 2132 1995 ἕρπει,
2160 1943 2291 1982 horum
2310 1944 2455 1982 alteru-

307 2022 426 2061 trum,
455 2029 538 2054 nam
565 2024 629 2054 aut
657 2018 747 2055 illud
774 2019 821 2055 ab
848 2018 903 2054 eis
929 2017 1134 2066 explicatur
1160 2016 1355 2056 infinitivis
1382 2018 1560 2067 φεύγειν,
1579 2014 1792 2065 προςάγειν
1812 2023 1848 2053 et
1868 2015 1952 2065 ζῇν,
1979 2021 2043 2053 aut
2065 2015 2133 2053 boc
2153 2014 2308 2053 finitivis
2333 2013 2456 2060 ἔστιν,

307 2084 412 2135 ἔχει,
441 2092 476 2125 et
502 2087 597 2137 quod
625 2093 763 2126 exstat:
799 2086 1030 2137 πάμπολις,
1071 2087 1094 2124 ὁ
1121 2087 1227 2125 κατὰ
1263 2091 1407 2125 πᾶσαν
1445 2086 1569 2126 πόλιν
1609 2085 1740 2138 ἕρπων
1779 2084 1922 2134 νόμος,
1964 2084 2164 2134 respicitur
2203 2084 2272 2124 hoc
2313 2084 2455 2123 scholio

306 2158 456 2196 verbum
485 2157 598 2208 ἕρπει
629 2159 685 2196 vel
712 2158 869 2208 ἕρπειν,
895 2171 940 2197 ex
968 2170 1041 2209 quo
1068 2157 1200 2209 ἕρπων
1227 2159 1272 2197 ad
1300 2158 1539 2198 definiendam
1575 2170 1700 2197 vocem
1736 2156 1972 2206 πάμπολις,
2007 2156 2107 2206 quod
2140 2167 2208 2205 pro
2242 2154 2451 2203 πάμπολις

307 2215 524 2266 &adiciam
551 2229 672 2267 schol.
699 2229 949 2277 intellexerat,
975 2234 1206 2279 assumptum
1224 2235 1301 2277 est,
1331 2229 1381 2268 ita
1400 2235 1439 2267 ut
1465 2228 1628 2279 ἕρπων
1648 2228 1798 2277 plenius
1825 2232 1860 2265 et
1887 2226 2095 2264 accuratius
2123 2237 2192 2274 pro
2219 2221 2274 2263 ὢν
2306 2225 2451 2262 dixerit.

307 2298 500 2336 Praeterea
535 2298 648 2336 illud:
694 2299 781 2345 „lex
816 2299 991 2338 accedens
1027 2299 1124 2337 vitae
1158 2298 1392 2344 hominum“,
1430 2309 1540 2347 quum
1575 2297 1743 2339 δύνασις
1780 2296 1862 2344 ipsa
1894 2295 2041 2345 quidem
2080 2295 2226 2332 accedat
2265 2302 2299 2332 et
2340 2295 2455 2330 hanc

306 2370 533 2407 accedentem
561 2374 669 2418 poeta
694 2369 930 2418 cogitaverit,
964 2375 1004 2407 ut
1030 2382 1075 2407 ex
1101 2371 1214 2407 verbo
1241 2369 1448 2417 κατάσχοι,
1469 2373 1640 2415 apparet,
1675 2367 1783 2404 habet
1817 2365 1941 2403 nescio
1977 2364 2064 2413 quid
2099 2364 2342 2408 incommodi,
2379 2375 2453 2401 non

306 2441 414 2479 modo
441 2441 574 2479 durum
599 2446 666 2479 est.
720 2439 845 2490 Itaque
871 2440 1074 2479 arbitratus
1099 2450 1200 2487 snm,
1228 2439 1458 2489 negationem
1485 2436 1626 2485 οὐδὲν,
1652 2448 1744 2486 quae
1770 2447 1815 2474 ne
1838 2434 1963 2484 possit
1987 2433 2135 2486 quidem
2161 2433 2207 2471 ad
2226 2432 2453 2477 infinitivum

307 2508 443 2559 ἕρπειν
472 2512 675 2560 pertinere,
704 2512 764 2562 qui
796 2509 918 2561 μηδὲν
944 2512 1127 2561 postulet,
1155 2521 1237 2548 cum
1265 2510 1377 2548 verbo
1405 2507 1618 2558 ἐπαρκέσει
1644 2519 1725 2546 esse
1753 2505 1993 2556 iungendam,
2030 2505 2139 2544 buius
2173 2509 2295 2543 amem
2333 2504 2455 2553 ipsius

309 2580 615 2632 significationem
642 2594 725 2621 esse
751 2584 917 2621 malum
944 2580 1239 2633 prohibendi
1266 2586 1301 2618 et
1327 2580 1490 2618 tuendi
1520 2578 1647 2629 (Aiac.
1673 2590 1711 2614 v.
1738 2575 1850 2626 353).
1914 2574 2024 2614 Certe
2049 2575 2173 2613 eadem
2199 2573 2236 2612 ei
2263 2573 2302 2611 in
2337 2574 2456 2612 schol.

310 2652 487 2696 tribuitur
514 2653 603 2690 illo:
643 2652 870 2702 δυνάμενον
894 2653 1086 2702 βοηθεῖν,
1129 2652 1319 2702 βοήθειαν
1345 2650 1577 2700 προςάγειν.
1627 2650 1706 2688 Iam
1742 2659 1828 2686 vero
1861 2646 2108 2685 construenda
2148 2645 2240 2683 mihi
2283 2645 2456 2682 videntur

309 2725 423 2761 verba
449 2724 487 2760 in
516 2724 610 2760 hunc
636 2724 805 2760 modum:
830 2724 949 2772 νόμος
976 2724 1044 2760 ὅδε
1072 2723 1189 2760 οὐδὲν
1216 2722 1430 2773 ἐπαρκέσει
1456 2725 1623 2759 θνατῶν
1651 2720 1775 2769 βιότῳ
1801 2717 2010 2767 πάμπολις
2037 2716 2139 2765 (ὧν,
2169 2715 2297 2764 ὥστε)
2324 2715 2457 2764 ἕρπειν

307 2793 484 2843 (αὑτὸν)
520 2793 635 2838 ἐκτὸς
670 2792 790 2839 ἄτας.
852 2795 914 2833 Sic
939 2796 1077 2835 dietum
1102 2802 1160 2834 est
1186 2808 1220 2834 v.
1248 2794 1312 2834 96.
1349 2793 1543 2842 πείσομαι
1570 2793 1645 2841 γὰρ
1679 2792 1728 2827 οὐ
1759 2793 1965 2827 τοσοῦτον
2001 2787 2145 2835 οὐδέν,
2186 2786 2293 2824 ὥστε
2331 2786 2381 2835 μὴ
2410 2787 2456 2822 οὐ

309 2863 439 2908 καλῶς
466 2865 634 2911 θανεῖν,
661 2870 697 2904 et
723 2864 868 2916 negatio
896 2871 981 2915 post
1004 2877 1116 2905 snum
1145 2865 1297 2905 verbum
1334 2863 1454 2914 posita
1488 2863 1622 2901 iterum
1658 2873 1743 2901 mox
1779 2872 1813 2898 v.
1848 2856 1938 2897 618.
1965 2879 2015 2888 -
2060 2858 2162 2898 Haec
2201 2858 2280 2904 lex,
2317 2856 2455 2907 inquit,

311 2935 500 2985 praesidio
528 2948 602 2975 non
628 2937 700 2976 erit
726 2937 821 2976 vitae
846 2936 1077 2984 mortalium,
1111 2937 1280 2987 quamvis
1307 2946 1372 2985 per
1398 2945 1525 2972 omnes
1552 2933 1719 2970 civitates
1754 2930 1903 2976 valens,
1937 2929 1983 2966 ad
2017 2928 2222 2967 vadendum
2256 2939 2289 2966 s.
2324 2938 2456 2976 proce·

308 3007 491 3054 dandum,
519 3008 735 3047 elabendum
761 3009 842 3046 sine
869 3008 1095 3055 calamitate,
1123 3027 1173 3035 --
1201 3007 1273 3042 οὐκ
1302 3005 1519 3053 ἐπαρκέσει
1543 3004 1619 3047 τὴν
1648 3000 1756 3045 ἄτην
1784 3002 1805 3036 ὁ
1834 3001 1976 3049 νόμος,
2015 3007 2054 3038 ut
2082 3001 2270 3038 Homerus
2305 2999 2457 3044 diceret,

1908 3061 1932 3098 6
