<?xml version="1.0" encoding="UTF-8"?>
<!DOCTYPE html PUBLIC "-//W3C//DTD XHTML 1.0 Transitional//EN"
    "http://www.w3.org/TR/xhtml1/DTD/xhtml1-transitional.dtd">
<html xmlns="http://www.w3.org/1999/xhtml" xml:lang="en" lang="en">
 <head>
  <title>
</title>
<meta http-equiv="Content-Type" content="text/html;charset=utf-8" />
  <meta name='ocr-system' content='tesseract 3.04.00' />
  <meta name='ocr-capabilities' content='ocr_page ocr_carea ocr_par ocr_line ocrx_word'/>
</head>
<body>
  <div class='ocr_page' id='page_1' title='image "4768946_0032.png"; bbox 0 0 2815 3398; ppageno 0'>
   <div class='ocr_carea' id='block_1_1' title="bbox 0 0 68 497">
    <p class='ocr_par' dir='ltr' id='par_1_1' title="bbox 0 0 68 497">
     <span class='ocr_line' id='line_1_1' title="bbox 0 0 68 497; baseline 0 2901"><span class='ocrx_word' id='word_1_1' title='bbox 0 0 68 497; x_wconf 95' lang='lat' dir='ltr'><strong> </strong></span> 
     </span>
    </p>
   </div>
   <div class='ocr_carea' id='block_1_2' title="bbox 1388 219 1465 258">
    <p class='ocr_par' dir='ltr' id='par_1_2' title="bbox 1388 219 1465 258">
     <span class='ocr_line' id='line_1_2' title="bbox 1388 219 1465 258; baseline 0 0"><span class='ocrx_word' id='word_1_2' title='bbox 1388 219 1465 258; x_wconf 70' lang='lat'><strong>22</strong></span> 
     </span>
    </p>
   </div>
   <div class='ocr_carea' id='block_1_3' title="bbox 1310 272 1538 279">
    <p class='ocr_par' dir='ltr' id='par_1_3' title="bbox 1310 272 1538 279">
     <span class='ocr_line' id='line_1_3' title="bbox 1310 272 1538 279; baseline 0 3119"><span class='ocrx_word' id='word_1_3' title='bbox 1310 272 1538 279; x_wconf 95' lang='lat' dir='ltr'><strong> </strong></span> 
     </span>
    </p>
   </div>
   <div class='ocr_carea' id='block_1_4' title="bbox 316 356 2495 2944">
    <p class='ocr_par' dir='ltr' id='par_1_4' title="bbox 320 356 2495 2666">
     <span class='ocr_line' id='line_1_4' title="bbox 341 356 2491 413; baseline 0 -17"><span class='ocrx_word' id='word_1_4' title='bbox 341 358 397 396; x_wconf 87' lang='lat' dir='ltr'><strong>vel</strong></span> <span class='ocrx_word' id='word_1_5' title='bbox 425 358 497 394; x_wconf 80' lang='grc' dir='ltr'><strong>οὐκ</strong></span> <span class='ocrx_word' id='word_1_6' title='bbox 525 356 765 402; x_wconf 80' lang='grc' dir='ltr'><strong><em>ἐπαλεξήσει</em></strong></span> <span class='ocrx_word' id='word_1_7' title='bbox 793 358 895 409; x_wconf 77' lang='grc' dir='ltr'><strong><em>κακῇ</em></strong></span> <span class='ocrx_word' id='word_1_8' title='bbox 922 356 1023 409; x_wconf 68' lang='grc' dir='ltr'><strong><em>ἄτῃ,</em></strong></span> <span class='ocrx_word' id='word_1_9' title='bbox 1054 366 1092 397; x_wconf 87' lang='lat' dir='ltr'><strong>ut</strong></span> <span class='ocrx_word' id='word_1_10' title='bbox 1119 367 1173 398; x_wconf 84' lang='lat' dir='ltr'><strong>est</strong></span> <span class='ocrx_word' id='word_1_11' title='bbox 1199 361 1295 409; x_wconf 89' lang='lat' dir='ltr'><strong>apud</strong></span> <span class='ocrx_word' id='word_1_12' title='bbox 1322 362 1497 399; x_wconf 85' lang='lat' dir='ltr'><strong>Nicandr.</strong></span> <span class='ocrx_word' id='word_1_13' title='bbox 1524 362 1594 398; x_wconf 84' lang='lat' dir='ltr'><strong>Th.</strong></span> <span class='ocrx_word' id='word_1_14' title='bbox 1623 362 1718 405; x_wconf 78' lang='lat'><strong>352,</strong></span> <span class='ocrx_word' id='word_1_15' title='bbox 1749 374 1819 400; x_wconf 89' lang='lat' dir='ltr'><strong>non</strong></span> <span class='ocrx_word' id='word_1_16' title='bbox 1848 374 1953 411; x_wconf 87' lang='lat' dir='ltr'><strong>opem</strong></span> <span class='ocrx_word' id='word_1_17' title='bbox 1982 362 2094 410; x_wconf 81' lang='lat' dir='ltr'><strong>feret,</strong></span> <span class='ocrx_word' id='word_1_18' title='bbox 2123 373 2195 400; x_wconf 80' lang='lat' dir='ltr'><strong>non</strong></span> <span class='ocrx_word' id='word_1_19' title='bbox 2224 361 2294 399; x_wconf 86' lang='lat' dir='ltr'><strong>erit</strong></span> <span class='ocrx_word' id='word_1_20' title='bbox 2322 362 2491 413; x_wconf 75' lang='grc' dir='ltr'><strong><em>ἐπάρκε-</em></strong></span> 
     </span>
     <span class='ocr_line' id='line_1_5' title="bbox 341 428 2492 481; baseline 0.003 -17"><span class='ocrx_word' id='word_1_21' title='bbox 341 443 401 473; x_wconf 87' lang='grc' dir='ltr'><strong>σις</strong></span> <span class='ocrx_word' id='word_1_22' title='bbox 428 428 584 478; x_wconf 86' lang='lat' dir='ltr'><strong>(Oedip.</strong></span> <span class='ocrx_word' id='word_1_23' title='bbox 614 428 697 468; x_wconf 87' lang='lat' dir='ltr'><strong>col.</strong></span> <span class='ocrx_word' id='word_1_24' title='bbox 728 442 762 468; x_wconf 89' lang='lat' dir='ltr'><strong>v.</strong></span> <span class='ocrx_word' id='word_1_25' title='bbox 790 429 910 479; x_wconf 81' lang='lat'><strong>447),</strong></span> <span class='ocrx_word' id='word_1_26' title='bbox 940 429 1106 474; x_wconf 73' lang='grc' dir='ltr'><strong><em>ἔπαλξις</em></strong></span> <span class='ocrx_word' id='word_1_27' title='bbox 1135 433 1452 481; x_wconf 80' lang='lat' dir='ltr'><strong>propugnaculum</strong></span> <span class='ocrx_word' id='word_1_28' title='bbox 1480 438 1514 469; x_wconf 83' lang='lat' dir='ltr'><strong>et</strong></span> <span class='ocrx_word' id='word_1_29' title='bbox 1541 443 1623 468; x_wconf 79' lang='lat' dir='ltr'><strong>arx</strong></span> <span class='ocrx_word' id='word_1_30' title='bbox 1651 431 1831 469; x_wconf 79' lang='lat' dir='ltr'><strong>adversus</strong></span> <span class='ocrx_word' id='word_1_31' title='bbox 1857 433 2101 471; x_wconf 71' lang='lat' dir='ltr'><strong>calamitatem</strong></span> <span class='ocrx_word' id='word_1_32' title='bbox 2129 431 2231 481; x_wconf 86' lang='lat' dir='ltr'><strong>(Cic.</strong></span> <span class='ocrx_word' id='word_1_33' title='bbox 2260 431 2406 471; x_wconf 87' lang='lat' dir='ltr'><strong>Cluent.</strong></span> <span class='ocrx_word' id='word_1_34' title='bbox 2430 432 2492 470; x_wconf 79' lang='lat'><strong>57.</strong></span> 
     </span>
     <span class='ocr_line' id='line_1_6' title="bbox 340 499 2493 553; baseline 0.001 -15"><span class='ocrx_word' id='word_1_35' title='bbox 340 501 566 539; x_wconf 88' lang='lat' dir='ltr'><strong>constituere</strong></span> <span class='ocrx_word' id='word_1_36' title='bbox 594 500 780 550; x_wconf 81' lang='lat' dir='ltr'><strong>praesidia</strong></span> <span class='ocrx_word' id='word_1_37' title='bbox 808 499 1034 539; x_wconf 72' lang='lat' dir='ltr'><strong>defensionis</strong></span> <span class='ocrx_word' id='word_1_38' title='bbox 1065 500 1102 538; x_wconf 89' lang='lat' dir='ltr'><strong>in</strong></span> <span class='ocrx_word' id='word_1_39' title='bbox 1130 512 1237 539; x_wconf 88' lang='lat' dir='ltr'><strong>arce</strong></span> <span class='ocrx_word' id='word_1_40' title='bbox 1271 501 1435 551; x_wconf 83' lang='lat' dir='ltr'><strong>legis).</strong></span> <span class='ocrx_word' id='word_1_41' title='bbox 1489 499 1570 539; x_wconf 77' lang='lat' dir='ltr'><strong>Cl&#39;r.</strong></span> <span class='ocrx_word' id='word_1_42' title='bbox 1601 502 1773 552; x_wconf 80' lang='lat' dir='ltr'><strong>Xenoph.</strong></span> <span class='ocrx_word' id='word_1_43' title='bbox 1803 503 1888 540; x_wconf 84' lang='lat' dir='ltr'><strong>hiat.</strong></span> <span class='ocrx_word' id='word_1_44' title='bbox 1916 515 1973 553; x_wconf 85' lang='lat' dir='ltr'><strong>gr.</strong></span> <span class='ocrx_word' id='word_1_45' title='bbox 2002 503 2050 542; x_wconf 89' lang='lat'><strong>11.</strong></span> <span class='ocrx_word' id='word_1_46' title='bbox 2077 503 2114 543; x_wconf 84' lang='lat'><strong>3.</strong></span> <span class='ocrx_word' id='word_1_47' title='bbox 2142 504 2204 543; x_wconf 87' lang='grc'><strong>53.</strong></span> <span class='ocrx_word' id='word_1_48' title='bbox 2238 503 2309 540; x_wconf 77' lang='grc' dir='ltr'><strong>οὐκ</strong></span> <span class='ocrx_word' id='word_1_49' title='bbox 2335 503 2493 553; x_wconf 74' lang='grc' dir='ltr'><strong><em>ἀγνοῶ,</em></strong></span> 
     </span>
     <span class='ocr_line' id='line_1_7' title="bbox 342 558 2493 623; baseline 0.001 -16"><span class='ocrx_word' id='word_1_50' title='bbox 342 572 409 607; x_wconf 88' lang='grc' dir='ltr'><strong>ὅτι</strong></span> <span class='ocrx_word' id='word_1_51' title='bbox 437 572 556 609; x_wconf 77' lang='grc' dir='ltr'><strong><em>οὐδέν</em></strong></span> <span class='ocrx_word' id='word_1_52' title='bbox 584 587 652 621; x_wconf 82' lang='grc' dir='ltr'><strong>μοι</strong></span> <span class='ocrx_word' id='word_1_53' title='bbox 683 572 841 623; x_wconf 71' lang='grc' dir='ltr'><strong><em>ἀρκέσει</em></strong></span> <span class='ocrx_word' id='word_1_54' title='bbox 867 570 936 607; x_wconf 81' lang='grc' dir='ltr'><strong>ὅδε</strong></span> <span class='ocrx_word' id='word_1_55' title='bbox 966 573 987 607; x_wconf 89' lang='grc' dir='ltr'>ὀ</span> <span class='ocrx_word' id='word_1_56' title='bbox 1017 572 1170 621; x_wconf 81' lang='grc' dir='ltr'><strong><em>βωμός,</em></strong></span> <span class='ocrx_word' id='word_1_57' title='bbox 1206 558 1279 610; x_wconf 85' lang='lat' dir='ltr'><strong>non</strong></span> <span class='ocrx_word' id='word_1_58' title='bbox 1311 573 1401 609; x_wconf 85' lang='lat' dir='ltr'><strong>mihi</strong></span> <span class='ocrx_word' id='word_1_59' title='bbox 1430 584 1549 610; x_wconf 90' lang='lat' dir='ltr'><strong>arcem</strong></span> <span class='ocrx_word' id='word_1_60' title='bbox 1577 579 1611 611; x_wconf 89' lang='lat' dir='ltr'><strong>et</strong></span> <span class='ocrx_word' id='word_1_61' title='bbox 1647 574 1870 621; x_wconf 80' lang='lat' dir='ltr'><strong>praesidium</strong></span> <span class='ocrx_word' id='word_1_62' title='bbox 1907 572 2000 611; x_wconf 74' lang='lat' dir='ltr'><strong>sore.</strong></span> <span class='ocrx_word' id='word_1_63' title='bbox 2030 594 2078 601; x_wconf 92' lang='lat'><strong>—</strong></span> <span class='ocrx_word' id='word_1_64' title='bbox 2125 574 2210 612; x_wconf 85' lang='lat' dir='ltr'><strong>Non</strong></span> <span class='ocrx_word' id='word_1_65' title='bbox 2246 574 2373 612; x_wconf 87' lang='lat' dir='ltr'><strong>dubito</strong></span> <span class='ocrx_word' id='word_1_66' title='bbox 2406 573 2493 622; x_wconf 84' lang='lat' dir='ltr'><strong>quin</strong></span> 
     </span>
     <span class='ocr_line' id='line_1_8' title="bbox 342 641 2493 693; baseline -0 -13"><span class='ocrx_word' id='word_1_67' title='bbox 342 641 461 681; x_wconf 80' lang='lat' dir='ltr'><strong>istud:</strong></span> <span class='ocrx_word' id='word_1_68' title='bbox 491 643 606 690; x_wconf 84' lang='lat' dir='ltr'><strong>„haec</strong></span> <span class='ocrx_word' id='word_1_69' title='bbox 633 644 692 681; x_wconf 85' lang='lat' dir='ltr'><strong>lex</strong></span> <span class='ocrx_word' id='word_1_70' title='bbox 720 654 791 681; x_wconf 94' lang='lat' dir='ltr'><strong>non</strong></span> <span class='ocrx_word' id='word_1_71' title='bbox 818 645 885 680; x_wconf 82' lang='lat' dir='ltr'><strong>a&#39;rx</strong></span> <span class='ocrx_word' id='word_1_72' title='bbox 914 642 985 680; x_wconf 87' lang='lat' dir='ltr'><strong>erit</strong></span> <span class='ocrx_word' id='word_1_73' title='bbox 1004 654 1036 680; x_wconf 87' lang='lat' dir='ltr'><strong>s.</strong></span> <span class='ocrx_word' id='word_1_74' title='bbox 1056 654 1127 682; x_wconf 92' lang='lat' dir='ltr'><strong>non</strong></span> <span class='ocrx_word' id='word_1_75' title='bbox 1155 642 1425 690; x_wconf 85' lang='lat' dir='ltr'><strong>opitulabitur“</strong></span> <span class='ocrx_word' id='word_1_76' title='bbox 1454 643 1594 681; x_wconf 89' lang='lat' dir='ltr'><strong>ironice</strong></span> <span class='ocrx_word' id='word_1_77' title='bbox 1623 645 1679 681; x_wconf 83' lang='lat' dir='ltr'><strong>vel</strong></span> <span class='ocrx_word' id='word_1_78' title='bbox 1705 656 1827 680; x_wconf 85' lang='lat' dir='ltr'><strong>amare</strong></span> <span class='ocrx_word' id='word_1_79' title='bbox 1846 643 1982 680; x_wconf 87' lang='lat' dir='ltr'><strong>dictum</strong></span> <span class='ocrx_word' id='word_1_80' title='bbox 2005 643 2057 680; x_wconf 79' lang='lat' dir='ltr'><strong>sit</strong></span> <span class='ocrx_word' id='word_1_81' title='bbox 2076 644 2252 680; x_wconf 83' lang='lat' dir='ltr'><strong>similiter</strong></span> <span class='ocrx_word' id='word_1_82' title='bbox 2272 651 2379 693; x_wconf 86' lang='lat' dir='ltr'><strong>atque</strong></span> <span class='ocrx_word' id='word_1_83' title='bbox 2402 645 2493 682; x_wconf 84' lang='lat' dir='ltr'><strong>illud</strong></span> 
     </span>
     <span class='ocr_line' id='line_1_9' title="bbox 343 710 2495 765; baseline -0 -15"><span class='ocrx_word' id='word_1_84' title='bbox 343 714 439 762; x_wconf 87' lang='lat' dir='ltr'><strong>quod</strong></span> <span class='ocrx_word' id='word_1_85' title='bbox 467 714 563 763; x_wconf 88' lang='lat' dir='ltr'><strong>apud</strong></span> <span class='ocrx_word' id='word_1_86' title='bbox 591 714 703 750; x_wconf 85' lang='lat' dir='ltr'><strong>Hom.</strong></span> <span class='ocrx_word' id='word_1_87' title='bbox 733 718 853 750; x_wconf 79' lang='lat' dir='ltr'><strong>exstat</strong></span> <span class='ocrx_word' id='word_1_88' title='bbox 885 712 1000 751; x_wconf 77' lang='lat' dir='ltr'><strong>Jliad.</strong></span> <span class='ocrx_word' id='word_1_89' title='bbox 1033 712 1068 763; x_wconf 85' lang='grc' dir='ltr'><strong>β’</strong></span> <span class='ocrx_word' id='word_1_90' title='bbox 1104 725 1138 752; x_wconf 80' lang='grc' dir='ltr'><strong><em>ν.</em></strong></span> <span class='ocrx_word' id='word_1_91' title='bbox 1166 711 1253 752; x_wconf 88' lang='grc'><strong>393.</strong></span> <span class='ocrx_word' id='word_1_92' title='bbox 1295 712 1343 749; x_wconf 83' lang='grc' dir='ltr'><strong>οὐ</strong></span> <span class='ocrx_word' id='word_1_93' title='bbox 1371 712 1411 749; x_wconf 83' lang='grc' dir='ltr'><strong>οἱ</strong></span> <span class='ocrx_word' id='word_1_94' title='bbox 1436 710 1581 751; x_wconf 72' lang='grc' dir='ltr'><strong><em>ἔπειτα</em></strong></span> <span class='ocrx_word' id='word_1_95' title='bbox 1612 712 1816 765; x_wconf 78' lang='grc' dir='ltr'><strong><em>Ἀρκιον</em></strong></span> <span class='ocrx_word' id='word_1_96' title='bbox 1856 712 2041 751; x_wconf 79' lang='grc' dir='ltr'><strong><em>ἐσσεῖται</em></strong></span> <span class='ocrx_word' id='word_1_97' title='bbox 2075 711 2238 763; x_wconf 75' lang='grc' dir='ltr'><strong><em>φυγέειν</em></strong></span> <span class='ocrx_word' id='word_1_98' title='bbox 2278 712 2398 757; x_wconf 77' lang='grc' dir='ltr'><strong><em>κυνὰς</em></strong></span> <span class='ocrx_word' id='word_1_99' title='bbox 2437 713 2495 757; x_wconf 80' lang='grc' dir='ltr'><strong>ἠδ’</strong></span> 
     </span>
     <span class='ocr_line' id='line_1_10' title="bbox 343 783 2494 834; baseline 0.003 -17"><span class='ocrx_word' id='word_1_100' title='bbox 343 783 530 826; x_wconf 81' lang='grc' dir='ltr'><strong><em>οἰωνούς,</em></strong></span> <span class='ocrx_word' id='word_1_101' title='bbox 573 796 594 819; x_wconf 85' lang='lat' dir='ltr'><strong>a</strong></span> <span class='ocrx_word' id='word_1_102' title='bbox 628 784 851 821; x_wconf 87' lang='lat' dir='ltr'><strong>Buttmanno</strong></span> <span class='ocrx_word' id='word_1_103' title='bbox 887 784 975 821; x_wconf 87' lang='lat' dir='ltr'><strong>bene</strong></span> <span class='ocrx_word' id='word_1_104' title='bbox 1011 784 1231 832; x_wconf 84' lang='lat' dir='ltr'><strong>explicatum</strong></span> <span class='ocrx_word' id='word_1_105' title='bbox 1268 784 1305 821; x_wconf 90' lang='lat' dir='ltr'><strong>in</strong></span> <span class='ocrx_word' id='word_1_106' title='bbox 1334 785 1495 834; x_wconf 82' lang='lat' dir='ltr'><strong>lexilogo</strong></span> <span class='ocrx_word' id='word_1_107' title='bbox 1522 783 1571 822; x_wconf 87' lang='grc' dir='ltr'><strong>Π.</strong></span> <span class='ocrx_word' id='word_1_108' title='bbox 1598 796 1632 834; x_wconf 88' lang='lat' dir='ltr'><strong>p.</strong></span> <span class='ocrx_word' id='word_1_109' title='bbox 1659 783 1730 823; x_wconf 81' lang='lat'><strong>86:</strong></span> <span class='ocrx_word' id='word_1_110' title='bbox 1771 795 1806 823; x_wconf 80' lang='lat' dir='ltr'><strong>er</strong></span> <span class='ocrx_word' id='word_1_111' title='bbox 1838 785 1924 824; x_wconf 75' lang='lat' dir='ltr'><strong>mitb</strong></span> <span class='ocrx_word' id='word_1_112' title='bbox 1957 785 2019 833; x_wconf 70' lang='lat' dir='ltr'><strong>tid)</strong></span> <span class='ocrx_word' id='word_1_113' title='bbox 2052 783 2141 830; x_wconf 65' lang='lat' dir='ltr'><strong>nidtt</strong></span> <span class='ocrx_word' id='word_1_114' title='bbox 2171 785 2300 830; x_wconf 68' lang='lat' dir='ltr'><strong>bainus</strong></span> <span class='ocrx_word' id='word_1_115' title='bbox 2327 784 2494 834; x_wconf 66' lang='lat' dir='ltr'><strong>»trieffen</strong></span> 
     </span>
     <span class='ocr_line' id='line_1_11' title="bbox 343 852 2494 906; baseline 0.001 -15"><span class='ocrx_word' id='word_1_116' title='bbox 343 853 498 897; x_wconf 62' lang='lat' dir='ltr'><strong>tonum,</strong></span> <span class='ocrx_word' id='word_1_117' title='bbox 530 865 571 902; x_wconf 64' lang='lat' dir='ltr'><strong>gu</strong></span> <span class='ocrx_word' id='word_1_118' title='bbox 604 855 791 902; x_wconf 71' lang='lat' dir='ltr'><strong>entgeben3</strong></span> <span class='ocrx_word' id='word_1_119' title='bbox 829 852 998 902; x_wconf 78' lang='grc' dir='ltr'>(ἄρκιον</span> <span class='ocrx_word' id='word_1_120' title='bbox 1025 866 1047 890; x_wconf 90' lang='lat' dir='ltr'><strong>a</strong></span> <span class='ocrx_word' id='word_1_121' title='bbox 1074 865 1162 891; x_wconf 86' lang='lat' dir='ltr'><strong>voce</strong></span> <span class='ocrx_word' id='word_1_122' title='bbox 1190 854 1310 905; x_wconf 70' lang='grc' dir='ltr'><strong><em>ἄρκος</em></strong></span> <span class='ocrx_word' id='word_1_123' title='bbox 1339 856 1586 904; x_wconf 79' lang='lat' dir='ltr'><strong>praesidium,</strong></span> <span class='ocrx_word' id='word_1_124' title='bbox 1615 855 1835 901; x_wconf 88' lang='lat' dir='ltr'><strong>remedium,</strong></span> <span class='ocrx_word' id='word_1_125' title='bbox 1863 855 1976 906; x_wconf 57' lang='lat' dir='ltr'><strong>beth,</strong></span> <span class='ocrx_word' id='word_1_126' title='bbox 2002 854 2133 905; x_wconf 61' lang='lat' dir='ltr'><strong>52ilft31,</strong></span> <span class='ocrx_word' id='word_1_127' title='bbox 2163 854 2494 900; x_wconf 57' lang='lat' dir='ltr'><strong>&amp;uefunitemitteb</strong></span> 
     </span>
     <span class='ocr_line' id='line_1_12' title="bbox 341 922 2493 976; baseline 0 -15"><span class='ocrx_word' id='word_1_128' title='bbox 341 922 496 962; x_wconf 87' lang='lat' dir='ltr'><strong>Buttm.:</strong></span> <span class='ocrx_word' id='word_1_129' title='bbox 538 925 728 972; x_wconf 59' lang='lat' dir='ltr'><strong>{tuebdfer</strong></span> <span class='ocrx_word' id='word_1_130' title='bbox 756 924 825 965; x_wconf 83' lang='lat' dir='ltr'><strong>cfr.</strong></span> <span class='ocrx_word' id='word_1_131' title='bbox 854 925 1020 975; x_wconf 75' lang='lat' dir='ltr'><strong>Thucyd.</strong></span> <span class='ocrx_word' id='word_1_132' title='bbox 1049 925 1100 964; x_wconf 89' lang='lat'><strong>11.</strong></span> <span class='ocrx_word' id='word_1_133' title='bbox 1128 925 1191 964; x_wconf 76' lang='lat'><strong>47.</strong></span> <span class='ocrx_word' id='word_1_134' title='bbox 1220 925 1317 961; x_wconf 81' lang='grc' dir='ltr'><strong><em>οὔτε</em></strong></span> <span class='ocrx_word' id='word_1_135' title='bbox 1346 926 1420 976; x_wconf 69' lang='grc' dir='ltr'><strong>γὰρ</strong></span> <span class='ocrx_word' id='word_1_136' title='bbox 1450 924 1588 976; x_wconf 76' lang='grc' dir='ltr'><strong><em>ἰατροὶ</em></strong></span> <span class='ocrx_word' id='word_1_137' title='bbox 1614 926 1782 976; x_wconf 76' lang='grc' dir='ltr'><strong><em>ἤρκουν,</em></strong></span> <span class='ocrx_word' id='word_1_138' title='bbox 1820 938 1893 966; x_wconf 85' lang='lat' dir='ltr'><strong>non</strong></span> <span class='ocrx_word' id='word_1_139' title='bbox 1922 926 2085 967; x_wconf 74' lang='lat' dir='ltr'><strong>ferebant</strong></span> <span class='ocrx_word' id='word_1_140' title='bbox 2118 938 2224 975; x_wconf 87' lang='lat' dir='ltr'><strong>opem</strong></span> <span class='ocrx_word' id='word_1_141' title='bbox 2255 932 2291 963; x_wconf 88' lang='lat' dir='ltr'><strong>et</strong></span> <span class='ocrx_word' id='word_1_142' title='bbox 2316 927 2493 970; x_wconf 85' lang='lat' dir='ltr'><strong>salutem,</strong></span> 
     </span>
     <span class='ocr_line' id='line_1_13' title="bbox 338 989 2490 1054; baseline 0.001 -23"><span class='ocrx_word' id='word_1_143' title='bbox 338 994 510 1044; x_wconf 79' lang='lat' dir='ltr'><strong>Aeschyl.</strong></span> <span class='ocrx_word' id='word_1_144' title='bbox 539 996 734 1054; x_wconf 40' lang='lat' dir='ltr'><strong>Agam3v.</strong></span> <span class='ocrx_word' id='word_1_145' title='bbox 765 995 876 1035; x_wconf 76' lang='lat'><strong>1170.</strong></span> <span class='ocrx_word' id='word_1_146' title='bbox 918 993 1016 1040; x_wconf 79' lang='grc' dir='ltr'><strong><em>ἄκος</em></strong></span> <span class='ocrx_word' id='word_1_147' title='bbox 1045 995 1079 1032; x_wconf 83' lang='grc' dir='ltr'><strong>δ’</strong></span> <span class='ocrx_word' id='word_1_148' title='bbox 1110 995 1230 1035; x_wconf 78' lang='grc' dir='ltr'><strong><em>οὐδὲν</em></strong></span> <span class='ocrx_word' id='word_1_149' title='bbox 1268 995 1520 1050; x_wconf 72' lang='grc' dir='ltr'><strong><em>ἐπήρκεσεν).</em></strong></span> <span class='ocrx_word' id='word_1_150' title='bbox 1583 997 1638 1036; x_wconf 79' lang='lat' dir='ltr'><strong>Ao</strong></span> <span class='ocrx_word' id='word_1_151' title='bbox 1660 989 1829 1048; x_wconf 17' lang='lat' dir='ltr'><strong>‘forsitan</strong></span> <span class='ocrx_word' id='word_1_152' title='bbox 1866 1008 1950 1036; x_wconf 89' lang='lat' dir='ltr'><strong>eum</strong></span> <span class='ocrx_word' id='word_1_153' title='bbox 1987 995 2108 1047; x_wconf 80' lang='lat' dir='ltr'><strong>ipsum</strong></span> <span class='ocrx_word' id='word_1_154' title='bbox 2145 996 2181 1034; x_wconf 92' lang='lat' dir='ltr'><strong>in</strong></span> <span class='ocrx_word' id='word_1_155' title='bbox 2219 996 2286 1035; x_wconf 87' lang='lat' dir='ltr'><strong>hoc</strong></span> <span class='ocrx_word' id='word_1_156' title='bbox 2323 995 2490 1034; x_wconf 83' lang='lat' dir='ltr'><strong>imitatus</strong></span> 
     </span>
     <span class='ocr_line' id='line_1_14' title="bbox 338 1065 2494 1117; baseline 0.001 -16"><span class='ocrx_word' id='word_1_157' title='bbox 338 1065 389 1102; x_wconf 81' lang='lat' dir='ltr'><strong>sit</strong></span> <span class='ocrx_word' id='word_1_158' title='bbox 425 1071 534 1113; x_wconf 68' lang='lat' dir='ltr'><strong>poeta</strong></span> <span class='ocrx_word' id='word_1_159' title='bbox 571 1066 813 1116; x_wconf 72' lang='grc' dir='ltr'><em>φιλόμηρος,</em></span> <span class='ocrx_word' id='word_1_160' title='bbox 850 1079 872 1103; x_wconf 91' lang='lat' dir='ltr'><strong>a</strong></span> <span class='ocrx_word' id='word_1_161' title='bbox 907 1068 1014 1104; x_wconf 79' lang='lat' dir='ltr'><strong>cuius</strong></span> <span class='ocrx_word' id='word_1_162' title='bbox 1050 1068 1227 1117; x_wconf 76' lang='lat' dir='ltr'><strong>dignitate</strong></span> <span class='ocrx_word' id='word_1_163' title='bbox 1265 1069 1423 1105; x_wconf 76' lang='lat' dir='ltr'><strong>ironiam</strong></span> <span class='ocrx_word' id='word_1_164' title='bbox 1461 1068 1611 1105; x_wconf 75' lang='lat' dir='ltr'><strong>minime</strong></span> <span class='ocrx_word' id='word_1_165' title='bbox 1646 1079 1728 1105; x_wconf 77' lang='lat' dir='ltr'><strong>ease</strong></span> <span class='ocrx_word' id='word_1_166' title='bbox 1761 1068 1918 1106; x_wconf 81' lang='lat' dir='ltr'><strong>alienam</strong></span> <span class='ocrx_word' id='word_1_167' title='bbox 1953 1078 2060 1105; x_wconf 90' lang='lat' dir='ltr'><strong>nemo</strong></span> <span class='ocrx_word' id='word_1_168' title='bbox 2098 1067 2225 1105; x_wconf 84' lang='lat' dir='ltr'><strong>nescit.</strong></span> <span class='ocrx_word' id='word_1_169' title='bbox 2287 1066 2369 1106; x_wconf 89' lang='lat' dir='ltr'><strong>Hoc</strong></span> <span class='ocrx_word' id='word_1_170' title='bbox 2405 1067 2494 1104; x_wconf 88' lang='lat' dir='ltr'><strong>adeo</strong></span> 
     </span>
     <span class='ocr_line' id='line_1_15' title="bbox 337 1135 2493 1187; baseline -0 -14"><span class='ocrx_word' id='word_1_171' title='bbox 337 1147 453 1184; x_wconf 79' lang='lat' dir='ltr'><strong>genua</strong></span> <span class='ocrx_word' id='word_1_172' title='bbox 490 1136 654 1175; x_wconf 88' lang='lat' dir='ltr'><strong>dicendi:</strong></span> <span class='ocrx_word' id='word_1_173' title='bbox 705 1137 777 1172; x_wconf 81' lang='grc' dir='ltr'><strong>οὐκ</strong></span> <span class='ocrx_word' id='word_1_174' title='bbox 816 1135 1001 1187; x_wconf 73' lang='grc' dir='ltr'><strong><em>ἤρκεσεν,</em></strong></span> <span class='ocrx_word' id='word_1_175' title='bbox 1039 1138 1276 1187; x_wconf 75' lang='grc' dir='ltr'><strong><em>ἐπήρκεσεν,</em></strong></span> <span class='ocrx_word' id='word_1_176' title='bbox 1318 1139 1540 1187; x_wconf 74' lang='grc' dir='ltr'><strong><em>ἔχραισμε,</em></strong></span> <span class='ocrx_word' id='word_1_177' title='bbox 1577 1139 1796 1187; x_wconf 80' lang='lat' dir='ltr'><strong>saepissime</strong></span> <span class='ocrx_word' id='word_1_178' title='bbox 1829 1138 1923 1185; x_wconf 86' lang='lat' dir='ltr'><strong>apud</strong></span> <span class='ocrx_word' id='word_1_179' title='bbox 1966 1138 2169 1175; x_wconf 89' lang='lat' dir='ltr'><strong>Homerum</strong></span> <span class='ocrx_word' id='word_1_180' title='bbox 2211 1137 2316 1173; x_wconf 85' lang='lat' dir='ltr'><strong>habet</strong></span> <span class='ocrx_word' id='word_1_181' title='bbox 2355 1137 2493 1185; x_wconf 81' lang='lat' dir='ltr'><strong>aliquid</strong></span> 
     </span>
     <span class='ocr_line' id='line_1_16' title="bbox 338 1205 2492 1258; baseline 0.001 -16"><span class='ocrx_word' id='word_1_182' title='bbox 338 1205 456 1242; x_wconf 81' lang='lat' dir='ltr'><strong>amari</strong></span> <span class='ocrx_word' id='word_1_183' title='bbox 483 1210 518 1243; x_wconf 89' lang='lat' dir='ltr'><strong>et</strong></span> <span class='ocrx_word' id='word_1_184' title='bbox 544 1206 680 1246; x_wconf 84' lang='lat' dir='ltr'><strong>acerbi.</strong></span> <span class='ocrx_word' id='word_1_185' title='bbox 734 1206 896 1245; x_wconf 83' lang='lat' dir='ltr'><strong>Proinde</strong></span> <span class='ocrx_word' id='word_1_186' title='bbox 918 1212 957 1245; x_wconf 88' lang='lat' dir='ltr'><strong>tu</strong></span> <span class='ocrx_word' id='word_1_187' title='bbox 986 1208 1128 1257; x_wconf 87' lang='lat' dir='ltr'><strong>cogita:</strong></span> <span class='ocrx_word' id='word_1_188' title='bbox 1159 1208 1243 1246; x_wconf 86' lang='lat' dir='ltr'><strong>haec</strong></span> <span class='ocrx_word' id='word_1_189' title='bbox 1270 1209 1329 1246; x_wconf 84' lang='lat' dir='ltr'><strong>lex</strong></span> <span class='ocrx_word' id='word_1_190' title='bbox 1357 1221 1430 1247; x_wconf 92' lang='lat' dir='ltr'><strong>non</strong></span> <span class='ocrx_word' id='word_1_191' title='bbox 1459 1221 1563 1258; x_wconf 86' lang='lat' dir='ltr'><strong>opem</strong></span> <span class='ocrx_word' id='word_1_192' title='bbox 1591 1208 1702 1254; x_wconf 75' lang='lat' dir='ltr'><strong>feret,</strong></span> <span class='ocrx_word' id='word_1_193' title='bbox 1732 1208 1805 1246; x_wconf 89' lang='lat' dir='ltr'><strong>imo</strong></span> <span class='ocrx_word' id='word_1_194' title='bbox 1833 1214 1961 1246; x_wconf 86' lang='lat' dir='ltr'><strong>contra</strong></span> <span class='ocrx_word' id='word_1_195' title='bbox 1987 1207 2101 1245; x_wconf 81' lang='lat' dir='ltr'><strong>stabit</strong></span> <span class='ocrx_word' id='word_1_196' title='bbox 2119 1213 2153 1244; x_wconf 83' lang='lat' dir='ltr'><strong>et</strong></span> <span class='ocrx_word' id='word_1_197' title='bbox 2171 1208 2362 1245; x_wconf 72' lang='lat' dir='ltr'><strong>attentabit</strong></span> <span class='ocrx_word' id='word_1_198' title='bbox 2382 1207 2492 1244; x_wconf 87' lang='lat' dir='ltr'><strong>vitam</strong></span> 
     </span>
     <span class='ocr_line' id='line_1_17' title="bbox 338 1275 2491 1336; baseline 0.001 -24"><span class='ocrx_word' id='word_1_199' title='bbox 338 1276 575 1322; x_wconf 78' lang='lat' dir='ltr'><strong>mortalium,</strong></span> <span class='ocrx_word' id='word_1_200' title='bbox 605 1275 672 1320; x_wconf 78' lang='grc' dir='ltr'><strong>ὦςε</strong></span> <span class='ocrx_word' id='word_1_201' title='bbox 701 1276 799 1325; x_wconf 86' lang='grc' dir='ltr'><strong>πρὸς</strong></span> <span class='ocrx_word' id='word_1_202' title='bbox 827 1277 926 1321; x_wconf 82' lang='grc' dir='ltr'><strong><em>ἄτην</em></strong></span> <span class='ocrx_word' id='word_1_203' title='bbox 954 1276 1154 1325; x_wconf 57' lang='grc' dir='ltr'><strong><em>ἄγεσθαι,</em></strong></span> <span class='ocrx_word' id='word_1_204' title='bbox 1182 1277 1261 1327; x_wconf 77' lang='grc' dir='ltr'><strong>ἄτῃ</strong></span> <span class='ocrx_word' id='word_1_205' title='bbox 1290 1278 1503 1314; x_wconf 58' lang='grc' dir='ltr'><strong><em>ἐνδεῖσθαι</em></strong></span> <span class='ocrx_word' id='word_1_206' title='bbox 1539 1279 1598 1327; x_wconf 88' lang='lat' dir='ltr'><strong>(v.</strong></span> <span class='ocrx_word' id='word_1_207' title='bbox 1627 1277 1715 1315; x_wconf 74' lang='lat'><strong>624.</strong></span> <span class='ocrx_word' id='word_1_208' title='bbox 1742 1278 1855 1314; x_wconf 86' lang='lat' dir='ltr'><strong>Jliad.</strong></span> <span class='ocrx_word' id='word_1_209' title='bbox 1883 1276 1919 1325; x_wconf 87' lang='grc' dir='ltr'><strong>β’</strong></span> <span class='ocrx_word' id='word_1_210' title='bbox 1946 1277 2057 1326; x_wconf 88' lang='lat'><strong>111).</strong></span> <span class='ocrx_word' id='word_1_211' title='bbox 2112 1277 2183 1314; x_wconf 86' lang='lat' dir='ltr'><strong>Sed</strong></span> <span class='ocrx_word' id='word_1_212' title='bbox 2212 1278 2282 1314; x_wconf 84' lang='lat' dir='ltr'><strong>ista</strong></span> <span class='ocrx_word' id='word_1_213' title='bbox 2317 1288 2491 1336; x_wconf 50' lang='lat' dir='ltr'><strong>quaenam</strong></span> 
     </span>
     <span class='ocr_line' id='line_1_18' title="bbox 337 1345 2490 1397; baseline 0 -14"><span class='ocrx_word' id='word_1_214' title='bbox 337 1345 397 1383; x_wconf 84' lang='lat' dir='ltr'><strong>lex</strong></span> <span class='ocrx_word' id='word_1_215' title='bbox 425 1346 510 1384; x_wconf 70' lang='lat' dir='ltr'><strong>est?</strong></span> <span class='ocrx_word' id='word_1_216' title='bbox 564 1346 675 1384; x_wconf 88' lang='lat' dir='ltr'><strong>Haud</strong></span> <span class='ocrx_word' id='word_1_217' title='bbox 704 1346 815 1385; x_wconf 85' lang='lat' dir='ltr'><strong>dubie</strong></span> <span class='ocrx_word' id='word_1_218' title='bbox 842 1359 932 1396; x_wconf 87' lang='lat' dir='ltr'><strong>quae</strong></span> <span class='ocrx_word' id='word_1_219' title='bbox 962 1349 1126 1386; x_wconf 88' lang='lat' dir='ltr'><strong>cernitur</strong></span> <span class='ocrx_word' id='word_1_220' title='bbox 1162 1349 1198 1385; x_wconf 89' lang='lat' dir='ltr'><strong>in</strong></span> <span class='ocrx_word' id='word_1_221' title='bbox 1233 1348 1333 1386; x_wconf 85' lang='lat' dir='ltr'><strong>Iovis</strong></span> <span class='ocrx_word' id='word_1_222' title='bbox 1368 1350 1530 1397; x_wconf 86' lang='lat' dir='ltr'><strong>potentia</strong></span> <span class='ocrx_word' id='word_1_223' title='bbox 1566 1348 1701 1385; x_wconf 82' lang='lat' dir='ltr'><strong>invicta</strong></span> <span class='ocrx_word' id='word_1_224' title='bbox 1737 1353 1772 1384; x_wconf 87' lang='lat' dir='ltr'><strong>et</strong></span> <span class='ocrx_word' id='word_1_225' title='bbox 1799 1348 1903 1384; x_wconf 89' lang='lat' dir='ltr'><strong>nullo</strong></span> <span class='ocrx_word' id='word_1_226' title='bbox 1940 1353 2103 1395; x_wconf 88' lang='lat' dir='ltr'><strong>tempore</strong></span> <span class='ocrx_word' id='word_1_227' title='bbox 2138 1347 2409 1392; x_wconf 74' lang='lat' dir='ltr'><strong>labefactanda,</strong></span> <span class='ocrx_word' id='word_1_228' title='bbox 2446 1348 2490 1383; x_wconf 90' lang='lat' dir='ltr'><strong>ad</strong></span> 
     </span>
     <span class='ocr_line' id='line_1_19' title="bbox 334 1405 2493 1467; baseline 0.001 -15"><span class='ocrx_word' id='word_1_229' title='bbox 334 1425 440 1464; x_wconf 82' lang='lat' dir='ltr'><strong>quam</strong></span> <span class='ocrx_word' id='word_1_230' title='bbox 478 1416 624 1463; x_wconf 89' lang='lat' dir='ltr'><strong>omnia,</strong></span> <span class='ocrx_word' id='word_1_231' title='bbox 663 1428 756 1467; x_wconf 83' lang='lat' dir='ltr'><strong>quae</strong></span> <span class='ocrx_word' id='word_1_232' title='bbox 793 1416 904 1465; x_wconf 86' lang='lat' dir='ltr'><strong>liunt,</strong></span> <span class='ocrx_word' id='word_1_233' title='bbox 941 1405 1182 1466; x_wconf 81' lang='lat' dir='ltr'><strong>revocantur,</strong></span> <span class='ocrx_word' id='word_1_234' title='bbox 1222 1418 1332 1457; x_wconf 89' lang='lat' dir='ltr'><strong>etiam</strong></span> <span class='ocrx_word' id='word_1_235' title='bbox 1368 1431 1514 1458; x_wconf 80' lang='lat' dir='ltr'><strong>errores</strong></span> <span class='ocrx_word' id='word_1_236' title='bbox 1548 1419 1727 1457; x_wconf 76' lang='lat' dir='ltr'><strong>humanae</strong></span> <span class='ocrx_word' id='word_1_237' title='bbox 1757 1418 1890 1457; x_wconf 85' lang='lat' dir='ltr'><strong>mentis</strong></span> <span class='ocrx_word' id='word_1_238' title='bbox 1919 1416 2150 1456; x_wconf 76' lang='lat' dir='ltr'><strong>referuntur:</strong></span> <span class='ocrx_word' id='word_1_239' title='bbox 2192 1418 2307 1465; x_wconf 85' lang='lat' dir='ltr'><strong>„adeo</strong></span> <span class='ocrx_word' id='word_1_240' title='bbox 2335 1419 2428 1455; x_wconf 85' lang='lat' dir='ltr'><strong>nihil</strong></span> <span class='ocrx_word' id='word_1_241' title='bbox 2457 1419 2493 1455; x_wconf 89' lang='lat' dir='ltr'><strong>in</strong></span> 
     </span>
     <span class='ocr_line' id='line_1_20' title="bbox 331 1485 2491 1541; baseline 0.002 -20"><span class='ocrx_word' id='word_1_242' title='bbox 331 1485 444 1522; x_wconf 83' lang='lat' dir='ltr'><strong>rebus</strong></span> <span class='ocrx_word' id='word_1_243' title='bbox 475 1486 647 1523; x_wconf 80' lang='lat' dir='ltr'><strong>humanis</strong></span> <span class='ocrx_word' id='word_1_244' title='bbox 671 1488 753 1525; x_wconf 85' lang='lat' dir='ltr'><strong>sine</strong></span> <span class='ocrx_word' id='word_1_245' title='bbox 780 1488 1048 1538; x_wconf 78' lang='lat' dir='ltr'><strong>gubernatione</strong></span> <span class='ocrx_word' id='word_1_246' title='bbox 1072 1494 1108 1527; x_wconf 88' lang='lat' dir='ltr'><strong>et</strong></span> <span class='ocrx_word' id='word_1_247' title='bbox 1143 1489 1298 1539; x_wconf 85' lang='lat' dir='ltr'><strong>imperio</strong></span> <span class='ocrx_word' id='word_1_248' title='bbox 1326 1490 1424 1529; x_wconf 88' lang='lat' dir='ltr'><strong>dei“.</strong></span> <span class='ocrx_word' id='word_1_249' title='bbox 1478 1489 1621 1541; x_wconf 86' lang='lat' dir='ltr'><strong>(Dunc.</strong></span> <span class='ocrx_word' id='word_1_250' title='bbox 1650 1488 1757 1528; x_wconf 80' lang='lat' dir='ltr'><strong>lexic.</strong></span> <span class='ocrx_word' id='word_1_251' title='bbox 1786 1499 1818 1526; x_wconf 82' lang='lat' dir='ltr'><strong>s.</strong></span> <span class='ocrx_word' id='word_1_252' title='bbox 1850 1499 1884 1527; x_wconf 83' lang='lat' dir='ltr'><strong>v.</strong></span> <span class='ocrx_word' id='word_1_253' title='bbox 1912 1486 2033 1538; x_wconf 77' lang='grc' dir='ltr'><strong><em>ἄτη).</em></strong></span> <span class='ocrx_word' id='word_1_254' title='bbox 2088 1486 2168 1526; x_wconf 78' lang='lat' dir='ltr'><strong>cfr.</strong></span> <span class='ocrx_word' id='word_1_255' title='bbox 2205 1486 2294 1527; x_wconf 89' lang='lat' dir='ltr'><strong>Oed.</strong></span> <span class='ocrx_word' id='word_1_256' title='bbox 2330 1487 2420 1538; x_wconf 87' lang='lat' dir='ltr'><strong>Reg.</strong></span> <span class='ocrx_word' id='word_1_257' title='bbox 2459 1500 2491 1526; x_wconf 85' lang='lat' dir='ltr'><strong>v.</strong></span> 
     </span>
     <span class='ocr_line' id='line_1_21' title="bbox 332 1554 2490 1607; baseline 0.001 -14"><span class='ocrx_word' id='word_1_258' title='bbox 332 1554 409 1594; x_wconf 82' lang='lat'><strong>903</strong></span> <span class='ocrx_word' id='word_1_259' title='bbox 434 1561 470 1593; x_wconf 87' lang='lat' dir='ltr'><strong>et</strong></span> <span class='ocrx_word' id='word_1_260' title='bbox 499 1569 576 1606; x_wconf 84' lang='lat' dir='ltr'><strong>seq.</strong></span> <span class='ocrx_word' id='word_1_261' title='bbox 607 1578 653 1585; x_wconf 89' lang='lat'>—</span> <span class='ocrx_word' id='word_1_262' title='bbox 702 1559 804 1595; x_wconf 90' lang='lat' dir='ltr'><strong>Haec</strong></span> <span class='ocrx_word' id='word_1_263' title='bbox 832 1571 919 1597; x_wconf 87' lang='lat' dir='ltr'><strong>vero</strong></span> <span class='ocrx_word' id='word_1_264' title='bbox 945 1561 1028 1606; x_wconf 86' lang='lat' dir='ltr'><strong>lex,</strong></span> <span class='ocrx_word' id='word_1_265' title='bbox 1055 1560 1095 1596; x_wconf 90' lang='lat' dir='ltr'><strong>in</strong></span> <span class='ocrx_word' id='word_1_266' title='bbox 1122 1561 1224 1598; x_wconf 90' lang='lat' dir='ltr'><strong>omni</strong></span> <span class='ocrx_word' id='word_1_267' title='bbox 1249 1561 1462 1598; x_wconf 78' lang='lat' dir='ltr'><strong>aeternitate</strong></span> <span class='ocrx_word' id='word_1_268' title='bbox 1490 1567 1571 1598; x_wconf 87' lang='lat' dir='ltr'><strong>rata</strong></span> <span class='ocrx_word' id='word_1_269' title='bbox 1597 1565 1632 1598; x_wconf 88' lang='lat' dir='ltr'><strong>et</strong></span> <span class='ocrx_word' id='word_1_270' title='bbox 1663 1558 1907 1597; x_wconf 83' lang='lat' dir='ltr'><strong>immutabilis</strong></span> <span class='ocrx_word' id='word_1_271' title='bbox 1942 1559 2040 1595; x_wconf 83' lang='lat' dir='ltr'><strong>sicut</strong></span> <span class='ocrx_word' id='word_1_272' title='bbox 2076 1558 2198 1607; x_wconf 84' lang='lat' dir='ltr'><strong>ipsum</strong></span> <span class='ocrx_word' id='word_1_273' title='bbox 2233 1557 2332 1596; x_wconf 80' lang='lat' dir='ltr'><strong>Iovia</strong></span> <span class='ocrx_word' id='word_1_274' title='bbox 2370 1559 2490 1607; x_wconf 86' lang='lat' dir='ltr'><strong>impe-</strong></span> 
     </span>
     <span class='ocr_line' id='line_1_22' title="bbox 331 1624 2487 1680; baseline 0 -14"><span class='ocrx_word' id='word_1_275' title='bbox 331 1624 452 1674; x_wconf 84' lang='lat' dir='ltr'><strong>rium,</strong></span> <span class='ocrx_word' id='word_1_276' title='bbox 481 1635 634 1666; x_wconf 85' lang='lat' dir='ltr'><strong>vocatur</strong></span> <span class='ocrx_word' id='word_1_277' title='bbox 659 1627 894 1678; x_wconf 83' lang='grc' dir='ltr'><strong><em>πάμπολις,</em></strong></span> <span class='ocrx_word' id='word_1_278' title='bbox 923 1632 1049 1669; x_wconf 81' lang='lat' dir='ltr'><strong>valens</strong></span> <span class='ocrx_word' id='word_1_279' title='bbox 1076 1643 1141 1680; x_wconf 87' lang='lat' dir='ltr'><strong>per</strong></span> <span class='ocrx_word' id='word_1_280' title='bbox 1167 1643 1294 1670; x_wconf 81' lang='lat' dir='ltr'><strong>omnes</strong></span> <span class='ocrx_word' id='word_1_281' title='bbox 1322 1630 1510 1676; x_wconf 70' lang='lat' dir='ltr'><strong>civitatee,</strong></span> <span class='ocrx_word' id='word_1_282' title='bbox 1538 1631 1603 1669; x_wconf 80' lang='lat' dir='ltr'><strong>sed</strong></span> <span class='ocrx_word' id='word_1_283' title='bbox 1631 1629 1777 1668; x_wconf 80' lang='lat' dir='ltr'><strong>tametsi</strong></span> <span class='ocrx_word' id='word_1_284' title='bbox 1805 1629 2058 1673; x_wconf 81' lang='lat' dir='ltr'><strong>valentissima</strong></span> <span class='ocrx_word' id='word_1_285' title='bbox 2084 1634 2160 1674; x_wconf 86' lang='lat' dir='ltr'><strong>est,</strong></span> <span class='ocrx_word' id='word_1_286' title='bbox 2198 1629 2336 1678; x_wconf 87' lang='lat' dir='ltr'><strong>inquit,</strong></span> <span class='ocrx_word' id='word_1_287' title='bbox 2369 1635 2487 1666; x_wconf 87' lang='lat' dir='ltr'><strong>tamen</strong></span> 
     </span>
     <span class='ocr_line' id='line_1_23' title="bbox 331 1697 2485 1747; baseline 0.001 -14"><span class='ocrx_word' id='word_1_288' title='bbox 331 1707 404 1734; x_wconf 91' lang='lat' dir='ltr'><strong>non</strong></span> <span class='ocrx_word' id='word_1_289' title='bbox 431 1697 596 1734; x_wconf 73' lang='lat' dir='ltr'><strong>tuebitur</strong></span> <span class='ocrx_word' id='word_1_290' title='bbox 622 1699 734 1735; x_wconf 81' lang='lat' dir='ltr'><strong>vitam</strong></span> <span class='ocrx_word' id='word_1_291' title='bbox 761 1699 978 1738; x_wconf 81' lang='lat' dir='ltr'><strong>mortalium</strong></span> <span class='ocrx_word' id='word_1_292' title='bbox 1003 1701 1086 1738; x_wconf 82' lang='lat' dir='ltr'><strong>sive</strong></span> <span class='ocrx_word' id='word_1_293' title='bbox 1111 1702 1308 1747; x_wconf 78' lang='lat' dir='ltr'><strong>mortales,-</strong></span> <span class='ocrx_word' id='word_1_294' title='bbox 1343 1701 1428 1737; x_wconf 89' lang='lat' dir='ltr'><strong>dum</strong></span> <span class='ocrx_word' id='word_1_295' title='bbox 1464 1700 1503 1736; x_wconf 90' lang='lat' dir='ltr'><strong>in</strong></span> <span class='ocrx_word' id='word_1_296' title='bbox 1541 1700 1615 1737; x_wconf 84' lang='lat' dir='ltr'><strong>vita</strong></span> <span class='ocrx_word' id='word_1_297' title='bbox 1649 1703 1754 1745; x_wconf 82' lang='lat' dir='ltr'><strong>sunt,</strong></span> <span class='ocrx_word' id='word_1_298' title='bbox 1791 1698 2008 1747; x_wconf 83' lang='lat' dir='ltr'><strong>ubicumque</strong></span> <span class='ocrx_word' id='word_1_299' title='bbox 2044 1697 2072 1735; x_wconf 87' lang='lat' dir='ltr'><strong>ii</strong></span> <span class='ocrx_word' id='word_1_300' title='bbox 2108 1703 2194 1735; x_wconf 82' lang='lat' dir='ltr'><strong>sunt</strong></span> <span class='ocrx_word' id='word_1_301' title='bbox 2228 1697 2391 1747; x_wconf 84' lang='lat' dir='ltr'><strong>gentium</strong></span> <span class='ocrx_word' id='word_1_302' title='bbox 2430 1699 2485 1736; x_wconf 80' lang='lat' dir='ltr'><strong>vel</strong></span> 
     </span>
     <span class='ocr_line' id='line_1_24' title="bbox 329 1766 2485 1817; baseline 0 -13"><span class='ocrx_word' id='word_1_303' title='bbox 329 1766 543 1813; x_wconf 84' lang='lat' dir='ltr'><strong>civitatum,</strong></span> <span class='ocrx_word' id='word_1_304' title='bbox 572 1781 645 1807; x_wconf 87' lang='lat' dir='ltr'><strong>non</strong></span> <span class='ocrx_word' id='word_1_305' title='bbox 672 1781 694 1806; x_wconf 87' lang='lat' dir='ltr'><strong>a</strong></span> <span class='ocrx_word' id='word_1_306' title='bbox 721 1770 928 1807; x_wconf 79' lang='lat' dir='ltr'><strong>calamitate</strong></span> <span class='ocrx_word' id='word_1_307' title='bbox 955 1770 1144 1817; x_wconf 79' lang='lat' dir='ltr'><strong>desendet,</strong></span> <span class='ocrx_word' id='word_1_308' title='bbox 1170 1771 1246 1809; x_wconf 91' lang='lat' dir='ltr'><strong>imo</strong></span> <span class='ocrx_word' id='word_1_309' title='bbox 1275 1781 1362 1807; x_wconf 86' lang='lat' dir='ltr'><strong>vero</strong></span> <span class='ocrx_word' id='word_1_310' title='bbox 1391 1770 1429 1806; x_wconf 88' lang='lat' dir='ltr'><strong>in</strong></span> <span class='ocrx_word' id='word_1_311' title='bbox 1457 1769 1658 1807; x_wconf 75' lang='lat' dir='ltr'><strong>discrimen</strong></span> <span class='ocrx_word' id='word_1_312' title='bbox 1677 1768 1841 1814; x_wconf 83' lang='lat' dir='ltr'><strong>vocabit,</strong></span> <span class='ocrx_word' id='word_1_313' title='bbox 1861 1787 1909 1793; x_wconf 93' lang='lat'><strong>—</strong></span> <span class='ocrx_word' id='word_1_314' title='bbox 1938 1778 2154 1817; x_wconf 83' lang='lat' dir='ltr'><strong>quamquam</strong></span> <span class='ocrx_word' id='word_1_315' title='bbox 2175 1767 2212 1804; x_wconf 86' lang='lat' dir='ltr'><strong>id</strong></span> <span class='ocrx_word' id='word_1_316' title='bbox 2234 1768 2354 1816; x_wconf 85' lang='lat' dir='ltr'><strong>ipsum</strong></span> <span class='ocrx_word' id='word_1_317' title='bbox 2376 1772 2410 1805; x_wconf 86' lang='lat' dir='ltr'><strong>et</strong></span> <span class='ocrx_word' id='word_1_318' title='bbox 2429 1774 2485 1805; x_wconf 89' lang='lat' dir='ltr'><strong>est</strong></span> 
     </span>
     <span class='ocr_line' id='line_1_25' title="bbox 327 1837 2486 1889; baseline -0 -15"><span class='ocrx_word' id='word_1_319' title='bbox 327 1842 362 1875; x_wconf 90' lang='lat' dir='ltr'><strong>et</strong></span> <span class='ocrx_word' id='word_1_320' title='bbox 390 1837 544 1875; x_wconf 82' lang='lat' dir='ltr'><strong>habetur</strong></span> <span class='ocrx_word' id='word_1_321' title='bbox 571 1840 695 1888; x_wconf 83' lang='lat' dir='ltr'><strong>legum</strong></span> <span class='ocrx_word' id='word_1_322' title='bbox 721 1839 910 1887; x_wconf 89' lang='lat' dir='ltr'><strong>omnium,</strong></span> <span class='ocrx_word' id='word_1_323' title='bbox 945 1851 1038 1889; x_wconf 86' lang='lat' dir='ltr'><strong>quae</strong></span> <span class='ocrx_word' id='word_1_324' title='bbox 1064 1841 1103 1878; x_wconf 87' lang='lat' dir='ltr'><strong>in</strong></span> <span class='ocrx_word' id='word_1_325' title='bbox 1130 1840 1344 1878; x_wconf 77' lang='lat' dir='ltr'><strong>civitatibus</strong></span> <span class='ocrx_word' id='word_1_326' title='bbox 1372 1840 1516 1885; x_wconf 83' lang='lat' dir='ltr'><strong>valent,</strong></span> <span class='ocrx_word' id='word_1_327' title='bbox 1550 1839 1693 1876; x_wconf 77' lang='lat' dir='ltr'><strong>civibus</strong></span> <span class='ocrx_word' id='word_1_328' title='bbox 1723 1838 1856 1875; x_wconf 84' lang='lat' dir='ltr'><strong>tutelae</strong></span> <span class='ocrx_word' id='word_1_329' title='bbox 1887 1848 1929 1873; x_wconf 90' lang='lat' dir='ltr'><strong>ac</strong></span> <span class='ocrx_word' id='word_1_330' title='bbox 1962 1837 2147 1884; x_wconf 80' lang='lat' dir='ltr'><strong>praesidio</strong></span> <span class='ocrx_word' id='word_1_331' title='bbox 2175 1848 2267 1873; x_wconf 82' lang='lat' dir='ltr'><strong>esse.</strong></span> <span class='ocrx_word' id='word_1_332' title='bbox 2296 1856 2345 1863; x_wconf 90' lang='lat'><strong>—</strong></span> <span class='ocrx_word' id='word_1_333' title='bbox 2391 1837 2486 1875; x_wconf 88' lang='lat' dir='ltr'><strong>Bene</strong></span> 
     </span>
     <span class='ocr_line' id='line_1_26' title="bbox 326 1906 2484 1961; baseline 0.004 -17"><span class='ocrx_word' id='word_1_334' title='bbox 326 1911 448 1944; x_wconf 86' lang='lat' dir='ltr'><strong>autem</strong></span> <span class='ocrx_word' id='word_1_335' title='bbox 476 1911 585 1955; x_wconf 68' lang='lat' dir='ltr'><strong>poeta</strong></span> <span class='ocrx_word' id='word_1_336' title='bbox 611 1908 655 1945; x_wconf 90' lang='lat' dir='ltr'><strong>de</strong></span> <span class='ocrx_word' id='word_1_337' title='bbox 682 1919 763 1947; x_wconf 86' lang='lat' dir='ltr'><strong>mea</strong></span> <span class='ocrx_word' id='word_1_338' title='bbox 788 1909 971 1947; x_wconf 79' lang='lat' dir='ltr'><strong>sententia</strong></span> <span class='ocrx_word' id='word_1_339' title='bbox 998 1910 1110 1947; x_wconf 85' lang='lat' dir='ltr'><strong>verba</strong></span> <span class='ocrx_word' id='word_1_340' title='bbox 1136 1910 1344 1959; x_wconf 82' lang='lat' dir='ltr'><strong>disposuit,</strong></span> <span class='ocrx_word' id='word_1_341' title='bbox 1380 1916 1419 1948; x_wconf 90' lang='lat' dir='ltr'><strong>ut</strong></span> <span class='ocrx_word' id='word_1_342' title='bbox 1452 1907 1683 1961; x_wconf 64' lang='grc' dir='ltr'><strong><em>ἀμφίπολις</em></strong></span> <span class='ocrx_word' id='word_1_343' title='bbox 1719 1913 1754 1945; x_wconf 66' lang='lat' dir='ltr'><strong>et</strong></span> <span class='ocrx_word' id='word_1_344' title='bbox 1790 1907 1828 1943; x_wconf 67' lang='lat'><strong>5¹¹</strong></span> <span class='ocrx_word' id='word_1_345' title='bbox 1863 1906 2072 1944; x_wconf 66' lang='grc' dir='ltr'><strong>ἰΠυδῑΐῖθῐθ</strong></span> <span class='ocrx_word' id='word_1_346' title='bbox 2105 1907 2187 1945; x_wconf 80' lang='lat'><strong>¹⁰⁰⁰</strong></span> <span class='ocrx_word' id='word_1_347' title='bbox 2223 1907 2419 1945; x_wconf 66' lang='grc' dir='ltr'><strong>θῠΙΙῠθᾶῑθῑ</strong></span> <span class='ocrx_word' id='word_1_348' title='bbox 2451 1916 2484 1945; x_wconf 85' lang='lat' dir='ltr'><strong>et</strong></span> 
     </span>
     <span class='ocr_line' id='line_1_27' title="bbox 326 1976 2484 2030; baseline 0 -15"><span class='ocrx_word' id='word_1_349' title='bbox 326 1989 420 2027; x_wconf 89' lang='lat' dir='ltr'><strong>pone</strong></span> <span class='ocrx_word' id='word_1_350' title='bbox 446 1989 490 2015; x_wconf 84' lang='lat' dir='ltr'><strong>ac</strong></span> <span class='ocrx_word' id='word_1_351' title='bbox 516 1982 670 2027; x_wconf 85' lang='lat' dir='ltr'><strong>propter</strong></span> <span class='ocrx_word' id='word_1_352' title='bbox 697 1979 808 2017; x_wconf 83' lang='lat' dir='ltr'><strong>verba</strong></span> <span class='ocrx_word' id='word_1_353' title='bbox 834 1978 1002 2016; x_wconf 63' lang='grc' dir='ltr'><strong><em>θνατῶν</em></strong></span> <span class='ocrx_word' id='word_1_354' title='bbox 1028 1977 1170 2030; x_wconf 78' lang='grc' dir='ltr'><strong><em>βιότῳ,</em></strong></span> <span class='ocrx_word' id='word_1_355' title='bbox 1199 1980 1334 2030; x_wconf 84' lang='lat' dir='ltr'><strong>quippe</strong></span> <span class='ocrx_word' id='word_1_356' title='bbox 1360 1992 1452 2030; x_wconf 87' lang='lat' dir='ltr'><strong>quae</strong></span> <span class='ocrx_word' id='word_1_357' title='bbox 1478 1991 1552 2019; x_wconf 89' lang='lat' dir='ltr'><strong>non</strong></span> <span class='ocrx_word' id='word_1_358' title='bbox 1578 1980 1701 2018; x_wconf 79' lang='lat' dir='ltr'><strong>solum</strong></span> <span class='ocrx_word' id='word_1_359' title='bbox 1737 1978 1781 2016; x_wconf 86' lang='lat' dir='ltr'><strong>ad</strong></span> <span class='ocrx_word' id='word_1_360' title='bbox 1818 1976 2052 2027; x_wconf 74' lang='grc' dir='ltr'><strong><em>ἐπαρκέσει,</em></strong></span> <span class='ocrx_word' id='word_1_361' title='bbox 2090 1977 2156 2015; x_wconf 85' lang='lat' dir='ltr'><strong>sed</strong></span> <span class='ocrx_word' id='word_1_362' title='bbox 2191 1977 2299 2015; x_wconf 89' lang='lat' dir='ltr'><strong>etiam</strong></span> <span class='ocrx_word' id='word_1_363' title='bbox 2335 1978 2380 2015; x_wconf 89' lang='lat' dir='ltr'><strong>ad</strong></span> <span class='ocrx_word' id='word_1_364' title='bbox 2417 1979 2484 2016; x_wconf 85' lang='lat' dir='ltr'><strong>hoc</strong></span> 
     </span>
     <span class='ocr_line' id='line_1_28' title="bbox 325 2046 2485 2104; baseline 0 -19"><span class='ocrx_word' id='word_1_365' title='bbox 325 2049 449 2096; x_wconf 79' lang='lat' dir='ltr'><strong>ipsum</strong></span> <span class='ocrx_word' id='word_1_366' title='bbox 475 2049 552 2086; x_wconf 87' lang='lat' dir='ltr'><strong>sint</strong></span> <span class='ocrx_word' id='word_1_367' title='bbox 578 2049 787 2096; x_wconf 65' lang='lat' dir='ltr'><strong>referenda,</strong></span> <span class='ocrx_word' id='word_1_368' title='bbox 814 2061 897 2086; x_wconf 91' lang='lat' dir='ltr'><strong>nam</strong></span> <span class='ocrx_word' id='word_1_369' title='bbox 927 2051 1056 2087; x_wconf 81' lang='lat' dir='ltr'><strong>vitae</strong></span> <span class='ocrx_word' id='word_1_370' title='bbox 1084 2051 1356 2088; x_wconf 87' lang='lat' dir='ltr'><strong>mortalium</strong></span> <span class='ocrx_word' id='word_1_371' title='bbox 1388 2052 1482 2089; x_wconf 89' lang='lat' dir='ltr'><strong>valet</strong></span> <span class='ocrx_word' id='word_1_372' title='bbox 1509 2061 1552 2088; x_wconf 86' lang='lat' dir='ltr'><strong>ea</strong></span> <span class='ocrx_word' id='word_1_373' title='bbox 1578 2051 1636 2088; x_wconf 87' lang='lat' dir='ltr'><strong>lex</strong></span> <span class='ocrx_word' id='word_1_374' title='bbox 1665 2048 1779 2098; x_wconf 74' lang='lat' dir='ltr'><strong>inque¹</strong></span> <span class='ocrx_word' id='word_1_375' title='bbox 1799 2059 1877 2085; x_wconf 84' lang='lat' dir='ltr'><strong>eam</strong></span> <span class='ocrx_word' id='word_1_376' title='bbox 1906 2047 1979 2085; x_wconf 89' lang='lat' dir='ltr'><strong>vim</strong></span> <span class='ocrx_word' id='word_1_377' title='bbox 2007 2058 2113 2086; x_wconf 83' lang='lat' dir='ltr'><strong>suam</strong></span> <span class='ocrx_word' id='word_1_378' title='bbox 2139 2047 2288 2104; x_wconf 64' lang='lat' dir='ltr'><strong>exserit.</strong></span> <span class='ocrx_word' id='word_1_379' title='bbox 2343 2046 2424 2092; x_wconf 87' lang='lat' dir='ltr'><strong>Qua</strong></span> <span class='ocrx_word' id='word_1_380' title='bbox 2441 2049 2485 2086; x_wconf 90' lang='lat' dir='ltr'><strong>de</strong></span> 
     </span>
     <span class='ocr_line' id='line_1_29' title="bbox 321 2118 2481 2169; baseline -0 -13"><span class='ocrx_word' id='word_1_381' title='bbox 321 2130 362 2156; x_wconf 86' lang='lat' dir='ltr'><strong>re</strong></span> <span class='ocrx_word' id='word_1_382' title='bbox 388 2119 498 2156; x_wconf 84' lang='lat' dir='ltr'><strong>etiam</strong></span> <span class='ocrx_word' id='word_1_383' title='bbox 525 2119 673 2165; x_wconf 82' lang='lat' dir='ltr'><strong>dativo,</strong></span> <span class='ocrx_word' id='word_1_384' title='bbox 707 2131 782 2157; x_wconf 91' lang='lat' dir='ltr'><strong>non</strong></span> <span class='ocrx_word' id='word_1_385' title='bbox 807 2120 1020 2157; x_wconf 82' lang='lat' dir='ltr'><strong>accusativo</strong></span> <span class='ocrx_word' id='word_1_386' title='bbox 1050 2131 1140 2157; x_wconf 78' lang='lat' dir='ltr'><strong>usus</strong></span> <span class='ocrx_word' id='word_1_387' title='bbox 1167 2127 1222 2157; x_wconf 82' lang='lat' dir='ltr'><strong>est</strong></span> <span class='ocrx_word' id='word_1_388' title='bbox 1249 2125 1368 2169; x_wconf 68' lang='lat' dir='ltr'><strong>poeta.</strong></span> <span class='ocrx_word' id='word_1_389' title='bbox 1396 2141 1447 2148; x_wconf 90' lang='lat'>—</span> <span class='ocrx_word' id='word_1_390' title='bbox 1487 2120 1633 2157; x_wconf 82' lang='lat' dir='ltr'><strong>Similis</strong></span> <span class='ocrx_word' id='word_1_391' title='bbox 1660 2118 1853 2157; x_wconf 79' lang='lat' dir='ltr'><strong>collocatio</strong></span> <span class='ocrx_word' id='word_1_392' title='bbox 1880 2119 2050 2156; x_wconf 86' lang='lat' dir='ltr'><strong>adiectivi</strong></span> <span class='ocrx_word' id='word_1_393' title='bbox 2078 2118 2313 2155; x_wconf 80' lang='grc' dir='ltr'><strong><em>παλίντονα</em></strong></span> <span class='ocrx_word' id='word_1_394' title='bbox 2341 2119 2415 2157; x_wconf 86' lang='lat' dir='ltr'><strong>vid.</strong></span> <span class='ocrx_word' id='word_1_395' title='bbox 2445 2119 2481 2155; x_wconf 93' lang='lat' dir='ltr'><strong>in</strong></span> 
     </span>
     <span class='ocr_line' id='line_1_30' title="bbox 322 2187 2480 2239; baseline 0 -13"><span class='ocrx_word' id='word_1_396' title='bbox 322 2188 459 2226; x_wconf 84' lang='lat' dir='ltr'><strong>Trach.</strong></span> <span class='ocrx_word' id='word_1_397' title='bbox 488 2201 521 2226; x_wconf 83' lang='grc' dir='ltr'><strong><em>ν.</em></strong></span> <span class='ocrx_word' id='word_1_398' title='bbox 548 2188 619 2226; x_wconf 85' lang='grc'><strong>511</strong></span> <span class='ocrx_word' id='word_1_399' title='bbox 652 2189 673 2225; x_wconf 85' lang='grc' dir='ltr'>ὁ</span> <span class='ocrx_word' id='word_1_400' title='bbox 702 2187 745 2225; x_wconf 81' lang='grc' dir='ltr'><strong>δὲ</strong></span> <span class='ocrx_word' id='word_1_401' title='bbox 773 2188 972 2239; x_wconf 82' lang='grc' dir='ltr'><strong><em>Βακχείας</em></strong></span> <span class='ocrx_word' id='word_1_402' title='bbox 999 2189 1084 2226; x_wconf 84' lang='grc' dir='ltr'><strong>ἀπὸ</strong></span> <span class='ocrx_word' id='word_1_403' title='bbox 1112 2188 1213 2234; x_wconf 61' lang='grc' dir='ltr'><strong>ἦλθε</strong></span> <span class='ocrx_word' id='word_1_404' title='bbox 1241 2190 1478 2227; x_wconf 83' lang='grc' dir='ltr'><strong><em>παλίντονα</em></strong></span> <span class='ocrx_word' id='word_1_405' title='bbox 1506 2189 1642 2238; x_wconf 82' lang='grc' dir='ltr'><strong><em>Θήβας</em></strong></span> <span class='ocrx_word' id='word_1_406' title='bbox 1666 2187 1770 2232; x_wconf 83' lang='grc' dir='ltr'><strong><em>τόξα</em></strong></span> <span class='ocrx_word' id='word_1_407' title='bbox 1797 2209 1846 2215; x_wconf 93' lang='grc'>-</span> <span class='ocrx_word' id='word_1_408' title='bbox 1872 2187 2095 2226; x_wconf 84' lang='grc' dir='ltr'><strong><em>τινάσσων.</em></strong></span> <span class='ocrx_word' id='word_1_409' title='bbox 2121 2209 2171 2216; x_wconf 92' lang='lat'>—</span> <span class='ocrx_word' id='word_1_410' title='bbox 2199 2188 2241 2226; x_wconf 85' lang='lat' dir='ltr'><strong>Si</strong></span> <span class='ocrx_word' id='word_1_411' title='bbox 2268 2189 2328 2226; x_wconf 84' lang='lat' dir='ltr'><strong>cui</strong></span> <span class='ocrx_word' id='word_1_412' title='bbox 2348 2189 2480 2226; x_wconf 79' lang='lat' dir='ltr'><strong>durius</strong></span> 
     </span>
     <span class='ocr_line' id='line_1_31' title="bbox 322 2257 2480 2310; baseline 0 -14"><span class='ocrx_word' id='word_1_413' title='bbox 322 2258 491 2296; x_wconf 82' lang='lat' dir='ltr'><strong>videatur</strong></span> <span class='ocrx_word' id='word_1_414' title='bbox 520 2257 691 2297; x_wconf 80' lang='lat' dir='ltr'><strong>infinitivi</strong></span> <span class='ocrx_word' id='word_1_415' title='bbox 722 2258 860 2309; x_wconf 83' lang='grc' dir='ltr'><strong><em>ἕρπειν</em></strong></span> <span class='ocrx_word' id='word_1_416' title='bbox 885 2259 1091 2299; x_wconf 78' lang='lat' dir='ltr'><strong>subiectum</strong></span> <span class='ocrx_word' id='word_1_417' title='bbox 1119 2272 1191 2300; x_wconf 91' lang='lat' dir='ltr'><strong>non</strong></span> <span class='ocrx_word' id='word_1_418' title='bbox 1219 2272 1298 2299; x_wconf 74' lang='lat' dir='ltr'><strong>esee</strong></span> <span class='ocrx_word' id='word_1_419' title='bbox 1326 2260 1348 2297; x_wconf 85' lang='grc' dir='ltr'><strong><em>ὁ</em></strong></span> <span class='ocrx_word' id='word_1_420' title='bbox 1376 2259 1517 2310; x_wconf 84' lang='grc' dir='ltr'><strong><em>νόμος,</em></strong></span> <span class='ocrx_word' id='word_1_421' title='bbox 1545 2260 1610 2299; x_wconf 80' lang='lat' dir='ltr'><strong>sed</strong></span> <span class='ocrx_word' id='word_1_422' title='bbox 1638 2258 1804 2308; x_wconf 82' lang='grc' dir='ltr'><strong><em>βιοτάν,</em></strong></span> <span class='ocrx_word' id='word_1_423' title='bbox 1833 2259 1865 2297; x_wconf 79' lang='lat' dir='ltr'><strong>is</strong></span> <span class='ocrx_word' id='word_1_424' title='bbox 1895 2259 2006 2297; x_wconf 83' lang='lat' dir='ltr'><strong>velim</strong></span> <span class='ocrx_word' id='word_1_425' title='bbox 2033 2260 2131 2309; x_wconf 86' lang='lat' dir='ltr'><strong>legat</strong></span> <span class='ocrx_word' id='word_1_426' title='bbox 2151 2260 2208 2297; x_wconf 86' lang='lat' dir='ltr'><strong>vel</strong></span> <span class='ocrx_word' id='word_1_427' title='bbox 2228 2271 2339 2297; x_wconf 88' lang='lat' dir='ltr'><strong>unum</strong></span> <span class='ocrx_word' id='word_1_428' title='bbox 2360 2260 2480 2297; x_wconf 86' lang='lat' dir='ltr'><strong>locum</strong></span> 
     </span>
     <span class='ocr_line' id='line_1_32' title="bbox 320 2328 2480 2383; baseline 0.001 -18"><span class='ocrx_word' id='word_1_429' title='bbox 320 2329 451 2378; x_wconf 80' lang='lat' dir='ltr'><strong>Eurip.</strong></span> <span class='ocrx_word' id='word_1_430' title='bbox 480 2329 632 2366; x_wconf 84' lang='lat' dir='ltr'><strong>Heracl.</strong></span> <span class='ocrx_word' id='word_1_431' title='bbox 663 2341 696 2366; x_wconf 89' lang='lat' dir='ltr'><strong>v.</strong></span> <span class='ocrx_word' id='word_1_432' title='bbox 729 2329 846 2377; x_wconf 83' lang='lat'><strong>1619,</strong></span> <span class='ocrx_word' id='word_1_433' title='bbox 884 2330 947 2368; x_wconf 86' lang='lat' dir='ltr'><strong>ubi</strong></span> <span class='ocrx_word' id='word_1_434' title='bbox 975 2336 1103 2369; x_wconf 80' lang='lat' dir='ltr'><strong>eontra</strong></span> <span class='ocrx_word' id='word_1_435' title='bbox 1131 2328 1200 2367; x_wconf 79' lang='grc' dir='ltr'><strong>ὅδε</strong></span> <span class='ocrx_word' id='word_1_436' title='bbox 1228 2330 1434 2383; x_wconf 79' lang='lat' dir='ltr'><strong>subiectum</strong></span> <span class='ocrx_word' id='word_1_437' title='bbox 1464 2329 1637 2370; x_wconf 84' lang='lat' dir='ltr'><strong>infinitivi</strong></span> <span class='ocrx_word' id='word_1_438' title='bbox 1675 2330 1743 2380; x_wconf 79' lang='grc' dir='ltr'><strong>ζῇν</strong></span> <span class='ocrx_word' id='word_1_439' title='bbox 1778 2329 1828 2380; x_wconf 86' lang='lat' dir='ltr'><strong>(i.</strong></span> <span class='ocrx_word' id='word_1_440' title='bbox 1857 2341 1888 2368; x_wconf 90' lang='lat' dir='ltr'><strong>e.</strong></span> <span class='ocrx_word' id='word_1_441' title='bbox 1915 2329 2020 2366; x_wconf 75' lang='grc' dir='ltr'><strong><em>ὥστε</em></strong></span> <span class='ocrx_word' id='word_1_442' title='bbox 2044 2328 2140 2379; x_wconf 74' lang='grc' dir='ltr'><strong><em>ζῇν)</em></strong></span> <span class='ocrx_word' id='word_1_443' title='bbox 2176 2335 2250 2376; x_wconf 83' lang='lat' dir='ltr'><strong>est,</strong></span> <span class='ocrx_word' id='word_1_444' title='bbox 2287 2335 2480 2379; x_wconf 85' lang='lat' dir='ltr'><strong>quaeretur</strong></span> 
     </span>
     <span class='ocr_line' id='line_1_33' title="bbox 320 2399 2479 2451; baseline 0 -13"><span class='ocrx_word' id='word_1_445' title='bbox 320 2406 441 2438; x_wconf 89' lang='lat' dir='ltr'><strong>tamen</strong></span> <span class='ocrx_word' id='word_1_446' title='bbox 475 2411 498 2438; x_wconf 91' lang='lat' dir='ltr'><strong>a</strong></span> <span class='ocrx_word' id='word_1_447' title='bbox 532 2401 740 2450; x_wconf 80' lang='lat' dir='ltr'><strong>tegentibus</strong></span> <span class='ocrx_word' id='word_1_448' title='bbox 774 2402 812 2439; x_wconf 89' lang='lat' dir='ltr'><strong>in</strong></span> <span class='ocrx_word' id='word_1_449' title='bbox 846 2402 1025 2441; x_wconf 84' lang='lat' dir='ltr'><strong>vocabulo</strong></span> <span class='ocrx_word' id='word_1_450' title='bbox 1053 2401 1189 2441; x_wconf 82' lang='grc' dir='ltr'><strong><em>πόλιν.</em></strong></span> <span class='ocrx_word' id='word_1_451' title='bbox 1218 2423 1267 2431; x_wconf 84' lang='grc'><strong>-</strong></span> <span class='ocrx_word' id='word_1_452' title='bbox 1310 2403 1366 2442; x_wconf 93' lang='lat' dir='ltr'><strong>De</strong></span> <span class='ocrx_word' id='word_1_453' title='bbox 1392 2403 1574 2441; x_wconf 78' lang='lat' dir='ltr'><strong>sententia</strong></span> <span class='ocrx_word' id='word_1_454' title='bbox 1607 2401 1760 2451; x_wconf 87' lang='lat' dir='ltr'><strong>denique</strong></span> <span class='ocrx_word' id='word_1_455' title='bbox 1794 2406 2051 2450; x_wconf 76' lang='lat' dir='ltr'><strong>comparentur</strong></span> <span class='ocrx_word' id='word_1_456' title='bbox 2087 2400 2196 2440; x_wconf 83' lang='lat' dir='ltr'><strong>etiam</strong></span> <span class='ocrx_word' id='word_1_457' title='bbox 2230 2399 2366 2438; x_wconf 71' lang='lat' dir='ltr'><strong>Tracti.</strong></span> <span class='ocrx_word' id='word_1_458' title='bbox 2404 2411 2479 2438; x_wconf 84' lang='lat' dir='ltr'><strong>vss.</strong></span> 
     </span>
     <span class='ocr_line' id='line_1_34' title="bbox 320 2470 2478 2526; baseline -0.002 -15"><span class='ocrx_word' id='word_1_459' title='bbox 320 2470 564 2511; x_wconf 71' lang='lat'><strong>125—128.</strong></span> <span class='ocrx_word' id='word_1_460' title='bbox 608 2471 826 2522; x_wconf 79' lang='grc' dir='ltr'><strong><em>ἀνάλγητα</em></strong></span> <span class='ocrx_word' id='word_1_461' title='bbox 854 2473 929 2523; x_wconf 72' lang='grc' dir='ltr'><strong>γὰρ</strong></span> <span class='ocrx_word' id='word_1_462' title='bbox 968 2474 1070 2510; x_wconf 77' lang='grc' dir='ltr'><strong>οὐδ’</strong></span> <span class='ocrx_word' id='word_1_463' title='bbox 1105 2475 1126 2510; x_wconf 85' lang='grc' dir='ltr'><strong>ὀ</strong></span> <span class='ocrx_word' id='word_1_464' title='bbox 1153 2474 1299 2511; x_wconf 82' lang='grc' dir='ltr'><strong><em>πάντα</em></strong></span> <span class='ocrx_word' id='word_1_465' title='bbox 1326 2474 1502 2526; x_wconf 72' lang='grc' dir='ltr'><strong><em>κραίνων</em></strong></span> <span class='ocrx_word' id='word_1_466' title='bbox 1530 2472 1722 2522; x_wconf 77' lang='grc' dir='ltr'><strong><em>βασιλεὺς</em></strong></span> <span class='ocrx_word' id='word_1_467' title='bbox 1758 2472 1930 2520; x_wconf 79' lang='grc' dir='ltr'><strong><em>ἐπέβαλε</em></strong></span> <span class='ocrx_word' id='word_1_468' title='bbox 1969 2474 2144 2516; x_wconf 59' lang='grc' dir='ltr'><strong><em>θνατοῖς</em></strong></span> <span class='ocrx_word' id='word_1_469' title='bbox 2181 2470 2398 2523; x_wconf 74' lang='grc' dir='ltr'><strong><em>Κρονίδας.</em></strong></span> <span class='ocrx_word' id='word_1_470' title='bbox 2433 2492 2478 2499; x_wconf 95' lang='grc'>-</span> 
     </span>
     <span class='ocr_line' id='line_1_35' title="bbox 320 2540 2478 2595; baseline 0.001 -16"><span class='ocrx_word' id='word_1_471' title='bbox 320 2540 492 2580; x_wconf 87' lang='lat' dir='ltr'><strong>Ceterum</strong></span> <span class='ocrx_word' id='word_1_472' title='bbox 520 2543 685 2582; x_wconf 61' lang='grc' dir='ltr'><strong><em>θνατῶν</em></strong></span> <span class='ocrx_word' id='word_1_473' title='bbox 704 2542 827 2594; x_wconf 81' lang='grc' dir='ltr'><strong><em>βιότῳ</em></strong></span> <span class='ocrx_word' id='word_1_474' title='bbox 854 2544 1117 2595; x_wconf 87' lang='lat' dir='ltr'><strong>interpretatus</strong></span> <span class='ocrx_word' id='word_1_475' title='bbox 1144 2558 1228 2584; x_wconf 82' lang='lat' dir='ltr'><strong>sum</strong></span> <span class='ocrx_word' id='word_1_476' title='bbox 1256 2545 1403 2584; x_wconf 88' lang='lat' dir='ltr'><strong>nomine</strong></span> <span class='ocrx_word' id='word_1_477' title='bbox 1429 2558 1560 2593; x_wconf 88' lang='lat' dir='ltr'><strong>aevo,</strong></span> <span class='ocrx_word' id='word_1_478' title='bbox 1589 2556 1699 2594; x_wconf 87' lang='lat' dir='ltr'><strong>quum</strong></span> <span class='ocrx_word' id='word_1_479' title='bbox 1722 2545 1790 2584; x_wconf 81' lang='lat' dir='ltr'><strong>hoc</strong></span> <span class='ocrx_word' id='word_1_480' title='bbox 1812 2556 1923 2583; x_wconf 88' lang='lat' dir='ltr'><strong>unum</strong></span> <span class='ocrx_word' id='word_1_481' title='bbox 1947 2555 2013 2593; x_wconf 81' lang='lat' dir='ltr'><strong>per</strong></span> <span class='ocrx_word' id='word_1_482' title='bbox 2038 2550 2194 2582; x_wconf 85' lang='lat' dir='ltr'><strong>metrum</strong></span> <span class='ocrx_word' id='word_1_483' title='bbox 2216 2544 2354 2590; x_wconf 87' lang='lat' dir='ltr'><strong>liceret,</strong></span> <span class='ocrx_word' id='word_1_484' title='bbox 2372 2549 2478 2592; x_wconf 82' lang='lat' dir='ltr'><strong>atque</strong></span> 
     </span>
     <span class='ocr_line' id='line_1_36' title="bbox 321 2612 2478 2666; baseline 0.001 -17"><span class='ocrx_word' id='word_1_485' title='bbox 321 2612 417 2650; x_wconf 85' lang='lat' dir='ltr'><strong>haud</strong></span> <span class='ocrx_word' id='word_1_486' title='bbox 446 2625 533 2653; x_wconf 85' lang='lat' dir='ltr'><strong>raro</strong></span> <span class='ocrx_word' id='word_1_487' title='bbox 560 2615 605 2654; x_wconf 88' lang='lat' dir='ltr'><strong>de</strong></span> <span class='ocrx_word' id='word_1_488' title='bbox 631 2626 765 2665; x_wconf 85' lang='lat' dir='ltr'><strong>genere</strong></span> <span class='ocrx_word' id='word_1_489' title='bbox 792 2615 950 2655; x_wconf 85' lang='lat' dir='ltr'><strong>humano</strong></span> <span class='ocrx_word' id='word_1_490' title='bbox 978 2616 1062 2666; x_wconf 80' lang='lat' dir='ltr'><strong>ipso</strong></span> <span class='ocrx_word' id='word_1_491' title='bbox 1089 2616 1169 2655; x_wconf 82' lang='lat' dir='ltr'><strong>aive</strong></span> <span class='ocrx_word' id='word_1_492' title='bbox 1196 2617 1240 2654; x_wconf 90' lang='lat' dir='ltr'><strong>de</strong></span> <span class='ocrx_word' id='word_1_493' title='bbox 1267 2616 1481 2656; x_wconf 84' lang='lat' dir='ltr'><strong>hominibus</strong></span> <span class='ocrx_word' id='word_1_494' title='bbox 1507 2621 1671 2665; x_wconf 84' lang='lat' dir='ltr'><strong>tempore</strong></span> <span class='ocrx_word' id='word_1_495' title='bbox 1691 2626 1836 2665; x_wconf 82' lang='lat' dir='ltr'><strong>quoque</strong></span> <span class='ocrx_word' id='word_1_496' title='bbox 1854 2614 2063 2653; x_wconf 83' lang='lat' dir='ltr'><strong>viventibus</strong></span> <span class='ocrx_word' id='word_1_497' title='bbox 2084 2626 2106 2652; x_wconf 90' lang='lat' dir='ltr'><strong>a</strong></span> <span class='ocrx_word' id='word_1_498' title='bbox 2125 2614 2247 2664; x_wconf 70' lang='lat' dir='ltr'><strong>poetis</strong></span> <span class='ocrx_word' id='word_1_499' title='bbox 2268 2617 2478 2662; x_wconf 75' lang='lat' dir='ltr'><strong>usurpetur.</strong></span> 
     </span>
    </p>

    <p class='ocr_par' dir='ltr' id='par_1_5' title="bbox 316 2683 2477 2944">
     <span class='ocr_line' id='line_1_37' title="bbox 473 2683 2476 2738; baseline -0.001 -15"><span class='ocrx_word' id='word_1_500' title='bbox 473 2684 635 2724; x_wconf 71' lang='lat' dir='ltr'><strong>Antislr.</strong></span> <span class='ocrx_word' id='word_1_501' title='bbox 662 2684 725 2724; x_wconf 87' lang='grc' dir='ltr'><strong>ΙΙ.</strong></span> <span class='ocrx_word' id='word_1_502' title='bbox 754 2697 789 2726; x_wconf 80' lang='lat' dir='ltr'><strong>v.</strong></span> <span class='ocrx_word' id='word_1_503' title='bbox 818 2685 859 2724; x_wconf 84' lang='lat'><strong>5.</strong></span> <span class='ocrx_word' id='word_1_504' title='bbox 912 2687 1121 2738; x_wconf 78' lang='grc' dir='ltr'><strong><em>προςαύσῃ</em></strong></span> <span class='ocrx_word' id='word_1_505' title='bbox 1160 2687 1311 2726; x_wconf 84' lang='lat' dir='ltr'><strong>verbum</strong></span> <span class='ocrx_word' id='word_1_506' title='bbox 1339 2687 1575 2737; x_wconf 82' lang='lat' dir='ltr'><strong>aptissimum</strong></span> <span class='ocrx_word' id='word_1_507' title='bbox 1603 2685 1761 2734; x_wconf 88' lang='lat' dir='ltr'><strong>praetuli</strong></span> <span class='ocrx_word' id='word_1_508' title='bbox 1793 2685 1855 2724; x_wconf 84' lang='lat' dir='ltr'><strong>isti</strong></span> <span class='ocrx_word' id='word_1_509' title='bbox 1883 2685 2108 2735; x_wconf 73' lang='grc' dir='ltr'><strong><em>προςαύρῃ,</em></strong></span> <span class='ocrx_word' id='word_1_510' title='bbox 2143 2685 2238 2734; x_wconf 83' lang='lat' dir='ltr'><strong>quod</strong></span> <span class='ocrx_word' id='word_1_511' title='bbox 2268 2683 2476 2722; x_wconf 84' lang='lat' dir='ltr'><strong>coniectura</strong></span> 
     </span>
     <span class='ocr_line' id='line_1_38' title="bbox 317 2752 2477 2807; baseline -0.001 -17"><span class='ocrx_word' id='word_1_512' title='bbox 317 2753 462 2792; x_wconf 89' lang='lat' dir='ltr'><strong>nititur.</strong></span> <span class='ocrx_word' id='word_1_513' title='bbox 515 2754 787 2804; x_wconf 78' lang='lat' dir='ltr'><strong>Explicationia</strong></span> <span class='ocrx_word' id='word_1_514' title='bbox 812 2756 934 2806; x_wconf 86' lang='lat' dir='ltr'><strong>gratia</strong></span> <span class='ocrx_word' id='word_1_515' title='bbox 953 2757 1021 2795; x_wconf 82' lang='lat' dir='ltr'><strong>cfr.</strong></span> <span class='ocrx_word' id='word_1_516' title='bbox 1042 2758 1193 2807; x_wconf 86' lang='lat' dir='ltr'><strong>Antiph.</strong></span> <span class='ocrx_word' id='word_1_517' title='bbox 1214 2771 1249 2807; x_wconf 87' lang='lat' dir='ltr'><strong>p.</strong></span> <span class='ocrx_word' id='word_1_518' title='bbox 1271 2757 1355 2795; x_wconf 82' lang='lat'><strong>114.</strong></span> <span class='ocrx_word' id='word_1_519' title='bbox 1373 2756 1435 2795; x_wconf 81' lang='lat'><strong>27.</strong></span> <span class='ocrx_word' id='word_1_520' title='bbox 1465 2757 1503 2793; x_wconf 75' lang='lat' dir='ltr'><strong>ol</strong></span> <span class='ocrx_word' id='word_1_521' title='bbox 1525 2754 1877 2805; x_wconf 83' lang='grc' dir='ltr'><strong><em>ἐπιβουλευόμενοι</em></strong></span> <span class='ocrx_word' id='word_1_522' title='bbox 1898 2753 2013 2793; x_wconf 73' lang='grc' dir='ltr'><strong><em>οὐδὲν</em></strong></span> <span class='ocrx_word' id='word_1_523' title='bbox 2040 2753 2159 2791; x_wconf 81' lang='grc' dir='ltr'><strong><em>ἴσασι</em></strong></span> <span class='ocrx_word' id='word_1_524' title='bbox 2185 2753 2280 2801; x_wconf 76' lang='grc' dir='ltr'><strong><em>πρὶν</em></strong></span> <span class='ocrx_word' id='word_1_525' title='bbox 2302 2753 2343 2789; x_wconf 80' lang='grc' dir='ltr'><strong>ἐν</strong></span> <span class='ocrx_word' id='word_1_526' title='bbox 2363 2752 2477 2801; x_wconf 75' lang='grc' dir='ltr'><strong><em>αὐτῷ</em></strong></span> 
     </span>
     <span class='ocr_line' id='line_1_39' title="bbox 317 2821 2473 2876; baseline 0.001 -17"><span class='ocrx_word' id='word_1_527' title='bbox 317 2821 394 2873; x_wconf 63' lang='lat' dir='ltr'><strong>qim</strong></span> <span class='ocrx_word' id='word_1_528' title='bbox 421 2823 474 2873; x_wconf 72' lang='grc' dir='ltr'><strong>τῷ</strong></span> <span class='ocrx_word' id='word_1_529' title='bbox 502 2824 656 2875; x_wconf 75' lang='grc' dir='ltr'><strong><em>κακῷγε</em></strong></span> <span class='ocrx_word' id='word_1_530' title='bbox 684 2824 758 2869; x_wconf 81' lang='grc' dir='ltr'><strong>ἤδη</strong></span> <span class='ocrx_word' id='word_1_531' title='bbox 778 2825 846 2862; x_wconf 82' lang='grc' dir='ltr'><strong>καὶ</strong></span> <span class='ocrx_word' id='word_1_532' title='bbox 863 2826 1139 2876; x_wconf 76' lang='grc' dir='ltr'><strong><em>γινώσκωσιν,</em></strong></span> <span class='ocrx_word' id='word_1_533' title='bbox 1169 2833 1203 2865; x_wconf 79' lang='lat' dir='ltr'><strong>et</strong></span> <span class='ocrx_word' id='word_1_534' title='bbox 1222 2827 1311 2865; x_wconf 79' lang='lat' dir='ltr'><strong>ibid.</strong></span> <span class='ocrx_word' id='word_1_535' title='bbox 1330 2840 1366 2876; x_wconf 83' lang='lat' dir='ltr'><strong>p.</strong></span> <span class='ocrx_word' id='word_1_536' title='bbox 1387 2826 1470 2865; x_wconf 88' lang='grc'><strong><em>113.</em></strong></span> <span class='ocrx_word' id='word_1_537' title='bbox 1489 2825 1553 2865; x_wconf 79' lang='grc'><strong>28.</strong></span> <span class='ocrx_word' id='word_1_538' title='bbox 1577 2846 1622 2853; x_wconf 94' lang='lat'><strong>—-</strong></span> <span class='ocrx_word' id='word_1_539' title='bbox 1650 2826 1819 2875; x_wconf 77' lang='lat' dir='ltr'><strong>Euripid.</strong></span> <span class='ocrx_word' id='word_1_540' title='bbox 1846 2825 1995 2864; x_wconf 77' lang='lat' dir='ltr'><strong>Heracl.</strong></span> <span class='ocrx_word' id='word_1_541' title='bbox 2017 2837 2052 2862; x_wconf 82' lang='lat' dir='ltr'><strong>v.</strong></span> <span class='ocrx_word' id='word_1_542' title='bbox 2076 2823 2159 2863; x_wconf 85' lang='grc'><strong><em>109.</em></strong></span> <span class='ocrx_word' id='word_1_543' title='bbox 2179 2844 2227 2850; x_wconf 95' lang='grc'>-</span> <span class='ocrx_word' id='word_1_544' title='bbox 2256 2835 2290 2862; x_wconf 82' lang='lat' dir='ltr'><strong>v.</strong></span> <span class='ocrx_word' id='word_1_545' title='bbox 2319 2821 2362 2859; x_wconf 83' lang='grc'><strong>7.</strong></span> <span class='ocrx_word' id='word_1_546' title='bbox 2400 2823 2473 2861; x_wconf 88' lang='lat' dir='ltr'><strong>Ul-</strong></span> 
     </span>
     <span class='ocr_line' id='line_1_40' title="bbox 316 2892 2473 2944; baseline 0 -12"><span class='ocrx_word' id='word_1_547' title='bbox 316 2893 407 2932; x_wconf 87' lang='lat' dir='ltr'><strong>tima</strong></span> <span class='ocrx_word' id='word_1_548' title='bbox 435 2894 559 2934; x_wconf 82' lang='lat' dir='ltr'><strong>brevis</strong></span> <span class='ocrx_word' id='word_1_549' title='bbox 582 2896 620 2934; x_wconf 89' lang='lat' dir='ltr'><strong>in</strong></span> <span class='ocrx_word' id='word_1_550' title='bbox 641 2907 729 2935; x_wconf 85' lang='lat' dir='ltr'><strong>voce</strong></span> <span class='ocrx_word' id='word_1_551' title='bbox 755 2897 970 2936; x_wconf 82' lang='lat' dir='ltr'><strong>celebria</strong></span> <span class='ocrx_word' id='word_1_552' title='bbox 997 2897 1254 2944; x_wconf 82' lang='lat' dir='ltr'><strong>excusabitur,</strong></span> <span class='ocrx_word' id='word_1_553' title='bbox 1282 2897 1403 2936; x_wconf 87' lang='lat' dir='ltr'><strong>credo.</strong></span> <span class='ocrx_word' id='word_1_554' title='bbox 1425 2918 1472 2924; x_wconf 87' lang='lat'>—</span> <span class='ocrx_word' id='word_1_555' title='bbox 1501 2907 1581 2936; x_wconf 74' lang='lat' dir='ltr'><strong>raa.</strong></span> <span class='ocrx_word' id='word_1_556' title='bbox 1608 2894 1644 2933; x_wconf 90' lang='grc'><em>8</em></span> <span class='ocrx_word' id='word_1_557' title='bbox 1661 2917 1702 2923; x_wconf 90' lang='grc'>-</span> <span class='ocrx_word' id='word_1_558' title='bbox 1720 2895 1789 2937; x_wconf 86' lang='lat'><strong>10.</strong></span> <span class='ocrx_word' id='word_1_559' title='bbox 1817 2896 1884 2937; x_wconf 78' lang='lat' dir='ltr'><strong>cfr.</strong></span> <span class='ocrx_word' id='word_1_560' title='bbox 1904 2895 2039 2936; x_wconf 74' lang='lat' dir='ltr'><strong>Aeacii.</strong></span> <span class='ocrx_word' id='word_1_561' title='bbox 2059 2894 2181 2934; x_wconf 81' lang='lat' dir='ltr'><strong>Perss.</strong></span> <span class='ocrx_word' id='word_1_562' title='bbox 2202 2892 2409 2933; x_wconf 73' lang='lat'>93-102,</span> <span class='ocrx_word' id='word_1_563' title='bbox 2425 2914 2473 2921; x_wconf 89' lang='lat'><em>-</em></span> 
     </span>
    </p>
   </div>
  </div>
 </body>
</html>
