2723 3438
758 414 795 453 4.
862 411 1017 461 obrepit
1043 410 1161 450 inscio
1189 410 1296 460 prius

758 484 796 522 5.
870 483 988 528 Quam
1013 481 1093 523 fera
1118 481 1274 531 vestigia
1301 479 1446 518 flamma
1471 481 1571 519 lam—

758 554 794 593 6.
868 554 941 592 bat.
994 551 1177 600 Sapientis
1204 562 1268 589 ore
1294 556 1350 589 est

757 626 797 665 7.
866 623 974 661 Edita
1001 634 1073 660 vox
1098 620 1273 667 celebris,

756 693 794 734 8.
859 692 1089 744 Aliquando,
1115 691 1212 742 quod
1239 692 1397 740 malum,
1424 691 1514 742 quoi

758 764 794 805 9.
859 764 1018 803 Caecare
1039 762 1128 802 velit
1154 761 1261 801 defun

757 837 796 875 0.
864 834 958 880 Quis
983 834 1169 881 animum,
1196 834 1314 872 videri

759 906 794 944 1.
861 906 1051 943 Faustum.
1102 905 1221 953 Atque
1247 903 1325 953 agit
1350 903 1385 941 is
1411 904 1587 952 perbreve
1621 903 1753 943 noxiae
1781 915 1924 942 exsors.

1216 1025 1443 1074 Epodoffi

858 1106 912 1142 En
939 1105 999 1142 1110
1025 1106 1167 1143 Haemo
1194 1110 1255 1143 tua
1282 1106 1477 1155 progenies

856 1175 1085 1213 Novissima.
1140 1175 1380 1212 Sollicitusne
1406 1176 1523 1212 vicem

854 1243 1063 1291 Desiderii,

855 1314 1019 1363 Sponsae
1045 1325 1153 1362 suae,
1178 1314 1282 1353 adest
1307 1314 1397 1369 buc,
1424 1314 1645 1364 Antigonae,

751 1381 785 1422 5.
852 1383 1015 1423 Fraudes
1043 1396 1211 1424 moerens
1237 1385 1472 1435 Hymenaei?

751 1107 793 1353 990302*

247 1646 323 1684 Nec
350 1649 458 1694 poeta
485 1644 564 1694 ipse
590 1643 729 1690 voluit,
761 1643 913 1681 totidem
940 1644 977 1681 111
1005 1645 1238 1693 antistropha
1262 1657 1357 1684 esse.
1419 1647 1473 1684 Ae
1508 1657 1608 1685 vers.
1635 1644 1664 1683 9
1698 1645 1855 1694 primam
1892 1647 2003 1695 primi
2042 1648 2154 1687 iambi
2190 1649 2391 1698 producere

244 1724 316 1752 non
344 1713 522 1752 dubitavi.
574 1712 675 1751 Idem
702 1711 741 1750 in
767 1712 1011 1761 Antistropba
1044 1712 1127 1751 feci.
1155 1733 1205 1741 —
1256 1713 1336 1754 Gfr.
1371 1713 1519 1753 Colum.
1547 1714 1652 1758 vm.
1693 1714 1752 1753 17.
1791 1716 1826 1753 1.
1864 1716 2019 1767 pelagus
2052 1718 2200 1756 assidue
2236 1719 2399 1769 agitatur

242 1790 277 1821 et
304 1785 351 1821 ob
379 1784 454 1821 imo
482 1783 629 1820 fluctum
656 1782 814 1820 revolvit
840 1782 878 1818 in
911 1786 1051 1830 partem
1077 1783 1321 1831 superiorem.
1376 1783 1485 1832 Virg.
1514 1784 1651 1832 Georg.
1679 1784 1727 1821 V.
1764 1784 1852 1824 230.
1891 1791 1929 1822 at
1962 1786 2039 1823 ima
2074 1792 2264 1825 exaestuat
2299 1789 2396 1825 unda

243 1854 468 1901 vorticibus,
494 1853 710 1902 nigramque
735 1853 808 1890 alte
834 1850 1012 1890 subieetat
1036 1865 1198 1892 arenam.
1223 1874 1273 1881 —
1298 1853 1412 1893 Jliad.
1440 1854 1482 1901 ψ’
1508 1853 1596 1893 229.
1621 1854 1711 1893 230.
1731 1876 1779 1881 --
1812 1855 1904 1893 Oed.
1931 1854 2015 1895 Col.
2045 1869 2080 1894 v.
2110 1857 2211 1896 1250
2236 1864 2272 1895 et
2298 1872 2334 1907 q.
2361 1872 2396 1896 s.

370 1947 374 1951 ’
398 1933 561 1974 Antietr.
588 1945 624 1974 v.
651 1934 687 1972 1.
714 1932 759 1971 2.
814 1933 974 1982 ἀρχαῖα
1001 1933 1097 1971 idem
1121 1933 1200 1972 fere
1217 1934 1314 1984 quod
1341 1932 1381 1977 ἐξ
1400 1934 1539 1984 ἀρχῆς.
1594 1934 1657 1971 Sic
1675 1934 1807 1972 Aeseh.
1827 1934 1953 1973 Perss.
1973 1948 2010 1972 v.
2031 1935 2118 1975 103.
2145 1936 2195 1973 τὸ
2214 1938 2397 1975 παλαιὸν

246 2017 312 2054 pro
354 2006 394 2041 ἐκ
434 2003 633 2043 παλαιοῦ.
694 2003 974 2053 Interpretantis
1018 2003 1143 2043 animo
1181 2004 1450 2043 obversabatur
1488 2004 1571 2042 Seu.
1613 2003 1702 2042 Oed.
1741 2016 1775 2043 v.
1814 2004 1900 2044 131.
1956 2007 2233 2056 „premiturque
2273 2008 2396 2047 iuncto

244 2075 371 2112 funere
395 2074 549 2112 funus.“
575 2093 627 2101 -
669 2073 939 2111 Geminatis
973 2074 1051 2111 dixi
1078 2074 1104 2112 i.
1131 2085 1163 2111 0.
1191 2073 1448 2123 ingeminatis,
1486 2078 1525 2110 ut
1562 2073 1674 2123 Virg.
1713 2073 1901 2124 geminare
1935 2080 1971 2113 et
2005 2076 2232 2125 ingeminare
2268 2088 2396 2124 voees,

245 2146 361 2193 ictus,
387 2152 422 2184 et
448 2146 637 2184 intransit.
664 2146 866 2195 ingeminat
891 2148 1032 2184 elamor
1067 2148 1128 2189 (εό
1156 2146 1299 2193 entstebt
1329 2145 1493 2193 Θεῐᾰπεί
1523 2145 1588 2191 auf
1620 2144 1812 2192 Θεῖώτεί).
1868 2148 1961 2184 Aen.
1990 2147 2037 2184 V.
2062 2146 2152 2184 227.
2182 2168 2228 2174 -
2276 2148 2395 2185 Com-

245 2221 419 2266 parentur
445 2216 489 2255 de
515 2216 696 2255 sententia
721 2216 848 2256 Senec.
875 2214 986 2254 Herc.
1011 2214 1085 2254 fur.
1112 2227 1189 2255 vsS.
1216 2214 1293 2254 205
1308 2213 1404 2253 -8.

398 2309 435 2338 ι’.
464 2296 505 2337 6.
559 2295 678 2347 ῥίζας.
705 2296 841 2336 Aesch·
867 2297 1000 2346 Agflm.
1029 2294 1115 2335 965.
1150 2293 1256 2345 ῥίζης
1284 2294 1359 2345 γὰρ
1388 2292 1510 2337 οὔσης
1544 2293 1704 2341 φυλλὰς
1734 2292 1832 2329 ἵκετ’
1866 2295 1902 2339 ἐς
1940 2294 2086 2344 δόμους
2120 2299 2241 2335 σκιὰν
2276 2300 2391 2348 ὑπερ·

244 2367 423 2405 τείνασὰ
451 2366 602 2417 σειρίου
630 2365 757 2411 κυνός.
810 2367 881 2405 Sed
907 2372 1004 2405 recte
1030 2366 1173 2405 videtur
1199 2365 1323 2403 Sebol.
1352 2363 1570 2414 exposuisse
1598 2364 1693 2413 ὅπερ
1723 2363 1926 2412 ἔβλαστεν
1955 2363 2039 2403 ἄνω
2066 2366 2138 2409 τῆς
2174 2367 2300 2414 ῥίζης,
2341 2369 2392 2404 τὸ

245 2436 525 2491 καταλειφθὲν
553 2437 634 2474 ἀπὸ
662 2436 882 2481 Οἰδίποδος
911 2436 1156 2486 βλάστημα,
1183 2447 1332 2487 germen
1358 2435 1455 2485 quod
1482 2436 1527 2474 ab
1554 2435 1675 2473 radice
1702 2436 1919 2484 pullulavit,
1952 2436 2107 2485 stirpem
2133 2448 2199 2475 seu
2225 2437 2389 2487 stirpes,

246 2519 334 2559 quas
362 2520 406 2546 ex
433 2520 515 2548 sese
541 2509 642 2547 domi
667 2509 866 2559 reliquerat
893 2507 1070 2558 Oedipus.
1121 2507 1179 2546 Ita
1212 2507 1290 2545 rere
1329 2507 1466 2544 radix
1506 2506 1674 2556 oleagina
1707 2507 1804 2555 apud
1841 2507 1951 2557 Virg.
1988 2507 2123 2556 Georg.
2160 2507 2211 2545 11.
2248 2507 2314 2546 31.
2341 2529 2390 2535 -

245 2571 348 2617 Haec
371 2579 540 2625 suboles,
567 2579 706 2628 inquit,
734 2590 815 2617 sese
841 2580 937 2617 laeta
963 2579 1164 2617 sustulerat
1189 2577 1229 2615 in
1255 2577 1404 2615 luminis
1431 2588 1533 2624 oras,
1561 2588 1722 2625 expansa
1749 2583 1827 2615 erat
1853 2589 1966 2626 snper
1993 2589 2033 2614 ea
2059 2578 2137 2614 lux.
2157 2598 2201 2605 -
2233 2579 2391 2627 Specta-

245 2654 307 2685 tur
332 2648 519 2697 Antigona
552 2652 587 2685 et
614 2647 779 2696 Ismene,
815 2648 974 2686 maxime
1007 2659 1094 2686 vero
1128 2648 1205 2686 illa.
1234 2668 1281 2674 —
1330 2646 1457 2697 φάος
1496 2645 1738 2683 τέταται.
1801 2646 1864 2683 Sic
1902 2645 2081 2682 τέταται
2118 2645 2189 2689 νύξ
2226 2646 2390 2697 (odyss.

245 2718 290 2755 λ’.
320 2716 427 2767 19.),
456 2715 574 2766 αἴγλη
596 2716 724 2767 (Phil.
751 2716 868 2767 831),
896 2717 1100 2769 γαληναία
1125 2717 1307 2767 (Oppian.
1333 2716 1420 2755 Hal.
1448 2716 1478 2755 I.
1505 2715 1638 2765 781.),
1675 2716 1889 2753 πέπταται
1919 2715 2042 2767 αἴθρη
2072 2716 2235 2766 (odyss.
2256 2717 2285 2762 ζ’
2302 2718 2391 2767 45).

245 2787 353 2825 Conf.
380 2788 506 2837 Antig.
533 2787 621 2825 528.
649 2808 697 2814 —

399 2878 433 2906 v.
461 2867 504 2906 7.
530 2865 639 2908 018.
692 2866 789 2907 νίν.
829 2866 903 2914 τὴν
940 2866 1074 2919 ῥίζαν,
1113 2874 1152 2907 ut
1186 2872 1282 2907 recte
1316 2867 1459 2914 Sohar,
1503 2867 1661 2907 refertur
1695 2869 1740 2906 ad
1777 2868 1844 2907 1100
1880 2874 2066 2918 tamquam
2103 2868 2148 2906 ad
2183 2868 2390 2908 subiectum

243 2936 426 2996 logicum..
470 2936 560 2975 Vid.
587 2939 745 2980 Boeckb.
775 2960 824 2969 —-
862 2939 963 2980 τῶν
998 2951 1146 2980 versum
1173 2939 1309 2979 claudit
1335 2950 1408 2978 non
1435 2939 1516 2978 sine
1545 2940 1580 2978 vi
1608 2939 1783 2990 quadam,
1819 2951 1908 2979 nam·
1931 2940 1986 2978 sie
2013 2939 2153 2978 diutius
2181 2946 2216 2979 et
2242 2941 2389 2990 plenius

245 3018 382 3046 sonans
410 3009 517 3047 habet
542 3010 666 3049 nescio
694 3013 791 3060 quod
818 3013 1071 3061 lamentabile,
1098 3012 1194 3061 quod
1220 3010 1425 3049 Boeckhius
1452 3021 1526 3050 non
1554 3011 1698 3049 videtur
1725 3011 1901 3050 sensisse.
1922 3030 1971 3037 —
1999 3014 2213 3066 ›garapqc
2247 3009 2390 3052 κόνις.
