2723 3412
281 406 428 439 auctore
454 400 597 444 Nonio,
635 404 675 436 ut
701 397 859 435 σαίνειν
894 398 940 448 (a
968 398 1044 434 σέω
1072 397 1250 447 εκῗω),
1290 400 1440 448 proprie
1474 400 1518 437 de
1554 400 1668 437 cauda
1702 400 1839 439 dicitur
1872 408 1909 439 et
1944 413 2072 440 canum
2109 404 2316 440 eeventium
2352 410 2426 448 est,

281 472 387 521 quasi
412 469 660 521 προςιίλλειν.
716 468 944 519 significatio
973 469 1072 506 verbi
1102 467 1209 506 Εέλω
1236 480 1348 518 quum
1374 470 1562 508 causativa
1589 471 1638 508 sit
1665 471 1742 508 rad.
1772 468 1853 520 ἴω,
1882 478 1958 510 est:
1985 472 2081 510 facio
2102 478 2140 510 ut
2164 474 2251 523 quid
2278 484 2431 511 movea-

280 549 360 587 tur,
388 553 431 578 ex
459 552 532 590 quo
558 547 593 576 et
620 547 721 576 verto
750 547 783 576 et
819 542 919 589 agito
955 546 989 576 et
1022 539 1135 584 ferio,
1172 540 1291 576 l'orma
1326 541 1532 586 intensiva,
1573 548 1613 577 ut
1647 543 1760 587 solet,
1801 544 2085 580 iterationis
2125 544 2432 592 significationem

280 612 407 655 habet,
446 618 483 647 ut
516 611 566 647 sit
603 608 754 652 Εέλλω,
800 610 918 653 ἴλλω,
960 609 1114 646 εΐλλωτ
1153 610 1309 647 multum
1347 618 1382 649 et
1415 611 1490 650 cito
1525 623 1656 658 verso,
1693 613 1762 650 hnc
1798 614 1905 659 illuc,
1947 614 2047 651 ultro
2081 613 2264 662 citroque,
2300 616 2356 652 vel
2388 615 2425 651 in

278 681 425 727 orbem,
462 680 499 717 in
527 691 666 730 gyrum*
691 680 791 729 agito
827 691 861 717 s.
898 690 1027 725 verso,
1060 677 1146 716 inde
1178 679 1307 725 volvo,
1344 681 1441 720 vello
1475 681 1676 731 (evolvo),
1714 688 1885 732 torqueo,
1922 683 2064 729 vincio,
2100 683 2288 733 glomero,
2324 690 2427 730 roto,

279 757 445 798 coarcto,
473 750 559 789 item
586 761 714 798 ceveo,
741 749 829 787 cillo
856 761 887 787 e.
911 761 966 796 c.,
993 754 1029 785 et
1055 754 1213 797 possunt
1239 756 1394 788 nostra:
1422 757 1583 799 menbra,
1611 752 1752 792 minem
1779 758 1814 790 et
1841 752 1980 799 binten,
2008 752 2173 801 (ἰλλάς,
2203 754 2427 802 vinculum)

279 821 436 865 mittan,
470 823 626 866 mettin,
661 821 817 870 mdlgrn,
853 821 928 858 alia
954 819 1175 869 comparari.
1235 819 1414 860 Nicandri
1447 823 1542 860 illud
1575 822 1744 865 σκολιὴν
1778 821 1970 869 ἀτραπὸν
2003 822 2126 860 ἶλλων
2165 823 2312 861 videtur
2346 835 2427 861 esse

280 892 480 929 sinuans
507 899 542 930 et
561 898 812 942 torquens,
840 891 1051 940 Euripidis:
1080 890 1206 942 οὐρὰν
1222 889 1412 930 extum
1431 899 1494 930 ant
1512 893 1607 930 idem
1627 893 1722 943 quod
1740 890 2065 930 euocatvewaut
2091 893 2426 943 subtorquere.

252 959 257 961 ⁴
279 962 362 1006 Quo
391 962 499 1000 modo
526 969 561 999 et
587 962 682 1010 quod
710 974 743 998 v.
771 960 846 999 509
872 961 1009 1010 legitur
1036 961 1105 997 σοὶ
1131 960 1174 998 δὲ
1201 963 1425 1000 ὑπίλλουσι
1448 964 1587 1012 στόμα
1615 964 1827 1001 Hemsterh.
1857 963 2120 1011 interpretatus
2147 969 2204 1001 est
2227 969 2427 1011 praeeunte

279 1032 498 1070 Eustathio:
538 1032 607 1070 tibi
631 1031 862 1070 subvolvunt
886 1044 930 1070 os
957 1032 981 1071 i.
1004 1045 1037 1073 e.
1064 1033 1281 1074 subiiciunt.
1334 1034 1501 1075 Debebat
1527 1036 1658 1074 saltem
1699 1035 1956 1073 adulantes
1993 1033 2146 1081 addere,
2182 1044 2291 1083 quum
2323 1034 2427 1072 notio

277 1101 496 1140 subiiciendi
525 1103 562 1140 in
591 1102 864 1150 praepositione
891 1102 974 1152 ipsa
1000 1111 1035 1144 et
1061 1107 1143 1144 sola
1169 1106 1280 1151 insit,
1322 1104 1450 1142 ἴλλειν
1476 1111 1597 1143 alutem
1624 1117 1728 1143 suam
1755 1106 1887 1143 habeat
1913 1111 2155 1154 potestatem,
2190 1117 2280 1154 qnae
2307 1104 2429 1154 possit

280 1183 361 1209 esse
388 1172 579 1216 adulandi,
609 1178 648 1209 ut
675 1170 832 1209 σαίνειν
860 1176 895 1211 et
921 1186 1047 1212 cevere
1074 1175 1201 1223 (Pers.
1230 1174 1260 1212 l.
1287 1174 1362 1224 87)
1388 1183 1423 1212 et
1450 1175 1627 1213 ἀείλλειν
1662 1176 1908 1225 (θωπεύειν,
1945 1175 2157 1213 αἰκάλλειν
2190 1176 2312 1224 Etym.
2348 1174 2429 1222 M.)

280 1242 427 1289 docent,
455 1242 492 1279 id
519 1242 615 1292 quod
641 1242 849 1283 Boeckhius
877 1247 1079 1295 expressit,
1115 1247 1374 1296 interpretatus
1410 1252 1526 1294 recte,
1567 1252 1605 1285 ut
1642 1247 1807 1285 videtur:
1854 1248 1937 1291 nod)
1975 1247 2026 1285 cir
2062 1247 2247 1294 {mmiegen
2285 1248 2327 1290 ste
2364 1249 2428 1282 een

280 1312 427 1357 ffliunb,
463 1325 536 1352 non
562 1320 660 1353 recte
685 1316 943 1353 Hermannus:
985 1319 1027 1362 tie
1061 1321 1161 1355 rebtn
1194 1318 1247 1356 tir
1283 1319 1369 1363 nect>
1395 1320 1471 1356 bem
1499 1316 1665 1364 ‘munim
1706 1329 1789 1353 nam
1823 1317 2073 1353 certissimum
2110 1322 2165 1352 est
2201 1315 2425 1365 significari,

280 1382 383 1420 viros
411 1393 501 1420 non
529 1385 649 1433 loqui,
678 1387 739 1422 sed
766 1393 922 1422 tacere
949 1386 1008 1434 (v,
1037 1387 1113 1423 505
1139 1386 1290 1434 λέγοιτ’
1316 1387 1393 1433 ἄν,
1422 1387 1456 1421 εἰ
1484 1387 1533 1435 μή
1561 1387 1753 1434 γλῶσσαν
1781 1386 1979 1434 ἐγκλείσοι
2005 1386 2143 1434 φόβος
2163 1386 2249 1422 coll.
2267 1397 2300 1420 v.
2319 1383 2432 1431 507).

282 1452 354 1490 Sed
381 1455 505 1492 nescio
532 1467 577 1491 an
605 1455 655 1492 sit
682 1456 783 1494 verbi
818 1454 944 1492 ἴλλειν
972 1468 1043 1493 non
1073 1457 1263 1506 torquendi
1292 1457 1324 1494 h.
1354 1458 1379 1495 l.
1415 1457 1477 1494 sed
1507 1457 1686 1493 vinciendi
1723 1464 1905 1505 potestas,
1943 1464 1981 1492 ut
2017 1455 2198 1493 sententia
2233 1454 2430 1492 verborum

284 1524 354 1562 sitt
382 1523 462 1561 ὑπὸ
491 1523 622 1574 φόβου
650 1539 718 1563 σοι
741 1525 1019 1571 ὑπακούοντες
1048 1524 1208 1562 ἲλλουσι
1232 1526 1283 1563 τὸ
1312 1526 1453 1577 στόμα
1471 1527 1493 1566 i.
1514 1539 1548 1576 q.
1568 1538 1602 1564 V.
1622 1526 1696 1564 505
1715 1525 1843 1576 φόβος
1863 1539 1939 1561 σου
1960 1523 2123 1574 ἐγκλείει
2141 1524 2348 1574 γλῶσσαν,
2370 1534 2433 1563 vot

282 1596 335 1633 hir
363 1600 459 1644 legen
492 1598 534 1642 ste
566 1600 642 1636 bem
672 1596 816 1636 §Dlunbe
850 1598 981 1646 ῗςεῇῖτίη
1013 1607 1080 1641 an,
1114 1597 1288 1634 claudunt
1313 1609 1369 1635 os.
1426 1596 1532 1640 Quod
1567 1603 1607 1634 ut
1641 1597 1820 1642 arbitrer,
1862 1609 2012 1635 moveor
2041 1597 2107 1634 illo
2134 1597 2230 1645 apud
2258 1596 2430 1645 Lysiam:

285 1665 393 1709 ὅστις
422 1666 464 1701 δὲ
493 1666 644 1716 ἀπίλλῃ
673 1671 720 1716 τῇ
751 1668 882 1718 θύρᾳ,
911 1665 1028 1705 ἔνδον
1055 1673 1133 1704 τοῦ
1160 1667 1341 1704 κλέπτου
1372 1668 1508 1711 ὄντος,
1535 1675 1570 1705 et
1597 1680 1639 1704 eo
1667 1667 1762 1716 quod
1791 1668 1886 1716 apud
1917 1668 2137 1716 Aeschylum
2164 1669 2293 1715 Agam.
2322 1679 2355 1704 v.
2383 1664 2431 1703 36

285 1737 443 1785 legitur:
472 1736 528 1771 τὰ
556 1736 592 1772 δ’
618 1735 730 1772 ἄλλα
758 1743 880 1785 σιγῶ,
908 1739 1024 1784 βοῦς
1052 1737 1120 1772 ἐπὶ
1147 1738 1315 1785 γλώσσᾳ
1343 1736 1528 1784 βέβηκεν,
1565 1738 1660 1785 quod
1698 1737 1870 1785 Sophocl.
1907 1737 1996 1774 Oed.
2033 1736 2115 1775 Col.
2152 1749 2187 1774 v.
2227 1734 2323 1775 1052
2360 1747 2429 1772 ex-

286 1806 441 1855 pressit:
469 1807 587 1856 κλῄς
621 1805 685 1843 ἐπὶ
711 1805 878 1855 γλώσσᾳ
906 1806 1084 1855 βέβακεν.
1147 1807 1273 1843 Potest
1309 1806 1447 1844 Ovidii.
1471 1818 1553 1844 ora
1584 1806 1764 1844 vincire
1796 1813 1830 1844 et
1863 1805 2003 1844 Catulli
2044 1808 2252 1855 palatum
2293 1807 2428 1843 obse-

285 1888 391 1913 rare
417 1877 591 1914 conferri.
645 1876 715 1913 Sed
743 1877 787 1913 ad
814 1882 981 1914 nostrum
1011 1879 1130 1914 locum
1167 1883 1345 1914 revertor.
1398 1876 1441 1913 In
1471 1877 1592 1914 verbis
1630 1877 1855 1924 ἰλλομένων
1890 1875 2067 1925 ἀρότρων
2103 1876 2300 1924 respondet
2335 1876 2427 1912 illud

286 1947 362 1984 l'ere
398 1947 599 1985 Homerico
634 1946 941 1996 περιπλομένῡν
977 1945 1246 1996 (ἐνιαυτοῖν),
1287 1946 1402 1995 quod,
1446 1947 1484 1983 ni
1519 1946 1652 1991 fallor,
1694 1946 1888 1994 Sophoclis
1932 1946 2057 1984 animo
2092 1946 2328 1983 obversatum
2363 1952 2430 1983 est.

284 2017 472 2054 Nimirum
512 2017 670 2054 vertitur
708 2022 870 2054 aratrum
911 2028 1023 2066 aeque
1061 2023 1167 2066 atque
1205 2028 1323 2054 annus
1358 2017 1437 2065 ipse
1481 2014 1653 2065 (ἄροτος
1697 2027 1815 2052 annus
1850 2015 1984 2052 Trach.
2020 2014 2108 2064 69).
2170 2016 2233 2052 Sic
2267 2013 2430 2050 ἴλλεται

286 2087 334 2135 7Ιῆ
362 2086 455 2137 περὶ
481 2085 555 2122 τὸν
593 2086 662 2121 διὰ
700 2085 858 2130 παντὸς
886 2086 1015 2122 πόλον
1041 2087 1269 2134 τεταμένον
1297 2085 1454 2135 (Plan).
1508 2086 1633 2135 ltaque
1662 2094 1698 2121 tu
1725 2093 1844 2122 verte:
1879 2086 1989 2122 etiam
2013 2092 2118 2134 atque
2144 2086 2252 2122 etiam
2281 2092 2429 2122 verten-

286 2158 402 2200 tibus,
433 2158 665 2194 volventibus
692 2169 723 2194 s.
750 2158 959 2194 rotantibus
987 2158 1135 2195 aratris.
1181 2157 1303 2200 Ἔτος
1330 2157 1383 2200 εἰς
1411 2154 1501 2200 ἔτος
1536 2158 1644 2194 etiam
1680 2157 1724 2193 ad
1760 2155 1942 2193 πολεύων
1976 2157 2151 2204 pertinet,
2187 2157 2291 2192 cuius
2329 2156 2427 2192 verbi

288 2228 436 2264 mascul.
465 2228 602 2275 optime
629 2239 649 2263 a
679 2228 871 2265 Sommero
898 2226 1105 2264 detenditur
1131 2227 1278 2274 Qissgem.
1311 2228 1456 2275 &dmm
1484 2239 1521 2274 p.
1550 2225 1637 2264 773.
1670 2225 1779 2264 1331.
1808 2247 1855 2253 —

441 2296 602 2335 Anlz'slr.
629 2295 664 2333 J.
693 2309 726 2335 υ.
756 2297 791 2335 1.
847 2294 1092 2348 κουφονόων.
1136 2296 1256 2333 Aliter
1283 2307 1318 2334 v.
1345 2293 1432 2332 617.
1490 2295 1647 2340 Dubito,
1682 2294 1806 2332 sintne
1838 2296 1937 2332 leves
1975 2296 2140 2333 aviculae
2173 2308 2218 2333 an
2255 2307 2366 2344 vagae
2393 2303 2428 2333 et

289 2367 435 2415 fugaces
465 2367 719 2415 intelligendae
737 2368 771 2415 pi.
794 2379 825 2404 e.
854 2379 945 2416 quae
972 2368 1037 2403 hac
1062 2374 1147 2403 sunt
1175 2372 1312 2411 mente,
1342 2366 1542 2414 sivenhunc
1570 2377 1718 2401 sensum
1748 2365 1894 2413 (νοῦν)
1930 2366 2081 2409 habent,
2119 2373 2157 2401 ut
2192 2367 2306 2401 alium
2343 2377 2427 2402 mox

287 2437 399 2472 alium
441 2438 560 2473 locum
599 2443 719 2484 petant
760 2437 912 2484 ideoque
947 2450 1019 2474 non
1063 2437 1170 2474 facile
1208 2437 1408 2485 capiantur.
1476 2437 1601 2473 Possit
1642 2443 1759 2472 tamen
1800 2437 1930 2481 etiam,
1979 2437 2017 2472 ni
2058 2436 2186 2479 fallor,
2232 2446 2430 2473 securas

288 2505 343 2553 (b.
373 2507 555 2554 arqlofen)
585 2507 810 2555 significare,
839 2519 948 2556 quum
976 2508 1176 2545 celeritatis
1214 2508 1337 2551 notio,
1372 2514 1410 2543 ut
1447 2506 1483 2543 in
1519 2505 1670 2550 avibus,
1706 2513 1802 2543 certe
1837 2518 1909 2544 non
1947 2506 1996 2544 sit
2036 2505 2254 2543 necessaria.
2318 2506 2429 2543 Ala-

289 2576 437 2614 crium
465 2574 522 2625 (e.
552 2577 758 2627 munteren)
785 2578 979 2627 quominus
1007 2576 1287 2628 interpretarer,
1315 2583 1411 2615 certa
1437 2576 1610 2626 quaedam
1638 2587 1694 2614 me
1721 2575 2000 2625 impediverunt.

441 2658 476 2685 v.
504 2645 547 2684 2.
601 2647 847 2697 ἀμφιβαλὼν
873 2646 964 2698 ἄγει
989 2648 1056 2687 cfr.
1084 2649 1214 2698 Eurip.
1240 2648 1322 2687 Hel.
1353 2659 1386 2685 V.
1414 2646 1490 2685 312
1525 2646 1653 2698 φόβος
1689 2647 1763 2696 γὰρ
1804 2645 1840 2690 ἐς
1878 2645 1927 2682 τὸ
1969 2646 2084 2694 δῶμα
2123 2645 2352 2696 περιβαλὼν
2393 2646 2430 2694 μ’

288 2716 390 2766 ἄγει.
420 2738 464 2745 -—
506 2717 547 2754 In
578 2719 688 2755 verbo
717 2719 841 2766 priore
866 2720 1089 2768 cogitatione
1114 2721 1159 2757 ad
1186 2717 1514 2770 ἀμφίβληστρον,
1544 2716 1776 2766 ἀμφιβολὴ,
1811 2716 2059 2767 ἀμφιβολεὺς
2094 2719 2145 2756 al.
2182 2718 2357 2764 ferimur,
2394 2718 2430 2753 in

290 2788 406 2824 altero
435 2787 534 2825 venit
562 2788 598 2824 in
629 2794 785 2825 mentem
816 2789 921 2825 illius
949 2788 1064 2838 ἄγειν
1091 2788 1159 2824 καὶ
1188 2787 1343 2841 φέρειν,
1371 2801 1453 2825 nam
1473 2787 1588 2837 οἴγειν
1605 2794 1662 2825 est
1690 2799 1771 2836 pro
1799 2787 1969 2835 praeda
1995 2787 2187 2825 abducere.
2215 2788 2283 2825 cfr.
2304 2800 2339 2825 v.
2356 2787 2430 2825 202

291 2863 324 2894 et
352 2857 403 2894 Jl.
433 2855 460 2892 ό.
489 2857 577 2896 590.
605 2879 653 2884 -
696 2871 728 2895 v.
756 2858 792 2896 4.
828 2860 1125 2909 Aequoreum
1159 2871 1305 2909 genus
1341 2865 1397 2896 est
1423 2858 1591 2908 Virgilii.
1622 2878 1666 2886 —

444 2938 477 2964 v.
505 2926 546 2963 6.
602 2928 783 2966 Eustathii
814 2929 1038 2981 ἀριφραδὴς
1065 2941 1137 2967 non
1166 2936 1221 2967 est
1249 2929 1529 2975 admittendum,
1568 2934 1606 2964 ut
1633 2928 1754 2964 docuit
1782 2928 1936 2966 Nevius.
1991 2929 2063 2966 Sed
2098 2930 2193 2979 quod
2227 2930 2432 2966 Boeckhius

292 2996 537 3047 ’περιφραδὴς
567 3007 716 3047 propter
742 3002 1025 3038 alliterationem
1051 3002 1151 3038 verbi
1179 3001 1352 3048 strophae
1377 3005 1508 3048 περῶν
1536 3000 1727 3048 praetulit,
1754 3012 1827 3037 non
1857 3000 1975 3049 magis
2003 3012 2136 3038 vanum
2160 3000 2304 3039 videtur
2326 3012 2433 3049 quam

1888 3059 1913 3099 3
