2815 3398
321 370 517 409 BREVES
544 369 736 408 NOTAE.

475 503 629 555 Str-oph.
657 504 694 543 Ι.
722 517 756 544 v.
782 504 819 542 1.
845 503 888 543 2.
944 503 1095 541 Πολλὰ
1122 504 1194 542 τά.
1246 507 1457 546 Wunderus
1484 510 1633 546 auctore
1650 504 1769 546 Navio
1797 503 1935 541 πολλά
1961 518 2022 543 τε.
2076 506 2125 545 At
2152 519 2278 547 omnes
2305 506 2394 546 libri
2421 504 2478 544 τὰ

320 575 513 621 exhibent,
553 588 619 614 nec
652 577 766 620 male,
808 580 847 613 ut
883 575 940 613 illi
978 576 1100 615 visum
1138 583 1213 624 est,
1252 579 1315 616 sed
1351 578 1501 628 optime.
1562 578 1657 615 Nam
1693 577 1777 614 licet
1810 575 1862 613 ita
1896 575 2064 612 τε-καὶ
2100 579 2243 616 voculis
2280 582 2387 627 potita
2423 577 2476 615 uti

319 647 502 698 potuerit,
532 647 583 685 uti
611 647 719 686 etiam
746 659 893 683 ’τε-τε
922 646 1057 696 (Iliad.
1087 648 1121 697 β’
1149 647 1226 688 298
1253 648 1429 699 αἰσχρόν
1455 662 1523 685 τοι
1559 646 1680 699 δηρόν
1715 660 1760 683 τε
1799 646 1952 695 μένειν,
1988 646 2124 684 κενεόν
2159 661 2205 683 τε
2240 647 2300 697 (et
2336 647 2478 696 tamen)

320 716 532 767 νέεσθαι.)
558 722 592 754 et
618 714 837 762 καὶ-καί,
867 715 984 766 (Oed.
1013 717 1104 768 Reg.
1135 731 1168 756 v.
1195 718 1270 758 413
1297 719 1349 755 σὺ
1376 718 1446 756 καὶ
1474 718 1687 771 δέδορκας,
1724 718 1797 755 κού
1823 717 2003 767 βλέπεις)
2039 723 2158 756 tamen
2190 718 2225 756 h.
2256 719 2282 756 Ι.
2312 730 2402 756 usus
2428 719 2479 756 eit

321 799 388 825 nec
414 772 560 825 necesse
586 792 642 823 est
669 792 704 824 et
730 787 853 825 laxior
878 787 976 826 foret
1001 789 1047 826 ab
1073 788 1231 827 arctiore
1259 789 1446 829 iunctione
1472 795 1506 828 et
1534 790 1656 828 minus
1682 788 1807 839 gravis
1834 788 2015 827 sententia
2042 788 2148 827 haec:
2183 786 2333 837 „Quum
2362 789 2478 828 multa

322 857 399 896 sint
436 856 673 896 admirabilia
707 863 743 896 et
776 859 976 908 stupenda,
1017 865 1093 897 tum
1130 860 1240 898 homo
1277 862 1440 899 omnium
1482 862 1639 899 maxime
1673 861 1938 907 admirabile“‚
1978 871 2085 909 quam
2118 871 2209 908 quae
2244 871 2288 896 ex
2320 860 2478 907 abrupto

321 939 451 977 genere
486 927 631 965 dicendi
658 926 718 965 fit:
759 928 921 975 „Rerum
957 928 1235 997 admirabilium
1271 936 1358 969 sunt
1394 932 1549 978 multae,
1577 943 1609 969 s.
1638 936 1694 969 est
1721 926 1938 976 multitudo,
1980 935 2086 980 atque
2126 929 2175 978 (i.
2202 942 2233 967 e.
2269 936 2303 967 et
2339 934 2477 975 tamen,

320 997 414 1046 quod
444 997 524 1035 iure
552 998 759 1048 mirabere)
787 999 896 1037 homo
923 999 1089 1037 omnium
1118 1001 1276 1038 maxime
1302 999 1575 1039 admirabilis“.
1631 1001 1778 1040 Scilicet
1805 1000 1861 1038 sic
1889 1006 2044 1038 utuntur
2080 999 2212 1038 Graeci
2249 998 2319 1035 καὶ
2355 999 2477 1048 parti-

319 1069 421 1114 cula,
452 1068 513 1105 ubi
542 1068 788 1116 adiiciuntur,
816 1081 907 1119 quae
934 1070 1027 1117 cito,
1056 1071 1198 1117 subito,
1227 1072 1445 1119 necopinato
1473 1078 1688 1120 praeterque
1716 1071 2024 1119 exspectationem
2052 1069 2163 1114 fiunt,
2192 1081 2284 1118 quae
2312 1069 2476 1118 propria,

319 1138 414 1175 mira
441 1144 475 1175 et
503 1139 565 1176 vix
592 1140 785 1178 credibilia
812 1146 900 1178 sunt
928 1142 984 1178 vel
1014 1141 1204 1179 habentur.
1259 1142 1439 1180 Similiter
1467 1142 1626 1180 Romani
1662 1147 1821 1191 atque,
1859 1147 1898 1178 ut
1931 1139 2009 1179 Cic.
2038 1139 2139 1178 Mur.
2165 1139 2227 1177 34.
2255 1138 2316 1177 71.
2370 1138 2474 1187 „Ipsi

317 1220 391 1246 non
419 1208 539 1246 dicere
567 1222 633 1258 pro
662 1210 794 1257 nobis,
831 1222 905 1248 non
932 1213 1132 1260 spondere,
1169 1224 1242 1249 non
1280 1224 1411 1250 vocare
1447 1212 1594 1249 domum
1629 1222 1736 1249 suam
1770 1210 1937 1261 possint:
1974 1215 2079 1260 atque
2114 1209 2165 1259 (i.
2193 1221 2224 1247 e.
2261 1216 2295 1246 et
2331 1208 2474 1257 tamen)

317 1277 406 1316 hacc
432 1290 454 1316 a
485 1279 593 1317 nobis
621 1285 750 1328 petunt
776 1280 941 1318 omnia“.
995 1280 1038 1318 lu
1075 1281 1313 1330 interpretato
1349 1282 1461 1319 omisi
1491 1287 1651 1331 atque,
1687 1293 1797 1331 quum
1825 1281 2026 1330 asyndeton
2054 1280 2203 1318 eandem
2231 1279 2305 1316 vim
2342 1278 2475 1316 habere

316 1347 516 1386 videretur.
537 1348 666 1387 Confr.
688 1362 721 1388 v.
744 1349 831 1388 601.
853 1371 901 1377 -
928 1350 972 1388 In
993 1362 1061 1387 usu
1082 1350 1285 1389 definiendo
1304 1363 1325 1388 a
1344 1351 1540 1400 temporali
1560 1351 1630 1388 erit
1652 1351 1891 1398 ordiendum,
1918 1362 1961 1388 ac
1981 1350 2137 1399 pertinet
2159 1350 2229 1386 huc
2248 1349 2368 1398 primo
2392 1348 2473 1385 loco

313 1415 407 1454 illud
436 1429 553 1467 genus
589 1419 753 1466 dicendi,
789 1419 833 1457 de
868 1431 939 1469 quo
967 1420 1161 1458 Matthiae.
1190 1421 1228 1458 in
1253 1421 1461 1459 Grammat.
1489 1435 1525 1470 p.
1549 1421 1661 1460 1257.
1688 1423 1721 1459 1.
1743 1435 1777 1459 a.
1802 1422 1975 1470 exponit,
1998 1427 2037 1458 ut
2058 1420 2186 1468 Antig.
2210 1432 2244 1457 v.
2266 1417 2378 1456 1187.
2404 1417 2474 1452 καὶ

310 1487 550 1536 τυῖχάνωῖἒ
591 1488 1003 1539 κλῇἓρα-χαλῶσα,
1046 1489 1151 1525 καὶ-
1187 1490 1246 1539 (et
1273 1489 1443 1540 subito),
1480 1492 1542 1529 ubi
1573 1492 1669 1540 quod
1697 1492 1742 1529 ad
1770 1491 1986 1529 sententiam
2016 1491 2136 1539 ipsam
2165 1501 2229 1538 per
2255 1500 2295 1525 se
2322 1493 2472 1537 specta-

310 1561 384 1594 tam
412 1558 562 1605 attinet,
590 1570 665 1597 non
690 1559 814 1597 minus
843 1564 939 1598 recte
965 1572 1013 1597 τε
1030 1559 1158 1609 -καί,
1195 1561 1292 1611 quod
1320 1560 1450 1601 Herm.
1479 1562 1575 1600 salso
1604 1562 1737 1608 edidit,
1771 1562 1975 1608 diceretur,
2014 1568 2052 1599 ut
2078 1561 2258 1599 Herodot.
2286 1559 2356 1597 lv.
2385 1558 2470 1596 135.

309 1627 381 1670 νύξ
407 1640 453 1663 τε
482 1627 667 1676 ἐγένετο,
696 1629 802 1664 καί·
830 1629 945 1678 (ibid.
976 1629 1062 1669 181.
1093 1630 1203 1680 199).
1225 1652 1271 1658 -
1299 1631 1361 1669 Sic
1388 1631 1581 1680 Aristoph.
1609 1633 1679 1670 AV.
1709 1630 1810 1670 1600
1836 1632 1891 1670 ed.
1919 1630 2029 1670 Beck.
2064 1630 2108 1667 τὸ
2137 1633 2316 1673 σκῆπτον
2355 1628 2465 1665 ἀπο-

310 1695 478 1742 δοῦναι,
507 1698 579 1733 καὶ
605 1698 963 1748 διαλλαττώμεδα.
984 1719 1036 1728 —-·
1063 1701 1151 1738 Oed.
1180 1701 1270 1750 Reg.
1301 1713 1334 1738 V.
1362 1700 1473 1747 718.‚
1501 1702 1663 1738 Anabas.
1692 1701 1778 1740 VII.
1806 1702 1843 1739 4.
1866 1702 1926 1738 12.
1956 1700 2053 1749 (vid.
2071 1700 2191 1749 Kriig.
2210 1698 2255 1737 ad
2276 1698 2312 1736 h.
2331 1697 2395 1747 1.).
2417 1717 2465 1724 -

305 1765 416 1804 Haud
446 1779 531 1807 raro
558 1781 603 1807 ex
629 1770 815 1820 oppositis
851 1771 1165 1809 adversativa
1200 1770 1322 1808 evadit
1348 1769 1551 1819 particulae
1587 1776 1771 1820 potestas3
1808 1771 1863 1808 sic
1889 1781 2000 1818 saepe
2036 1769 2107 1805 καὶ
2133 1775 2230 1813 νῦν,
2269 1774 2308 1806 ut
2334 1768 2463 1817 Antig-

306 1847 342 1874 v.
370 1836 469 1876 1165
497 1837 567 1875 καὶ
593 1842 668 1879 νῦν
696 1839 755 1891 (et
782 1846 902 1880 tamen
929 1851 1043 1890 nunc,
1072 1840 1169 1891 quod
1196 1840 1292 1880 haud
1320 1840 1587 1891 exspectaverit
1613 1840 1831 1892 quisquam)
1860 1840 2032 1890 ἀφεῖται
2059 1839 2215 1878 πάντα.
2242 1839 2334 1878 ibid.
2363 1851 2397 1875 v.
2424 1837 2462 1876 7.

303 1907 438 1948 Trach.
469 1909 580 1947 1013.
599 1930 649 1937 —
674 1912 758 1948 Non
785 1912 894 1949 aliter
921 1911 990 1946 καὶ
1017 1917 1101 1960 post
1128 1909 1226 1958 ἤδη,
1255 1916 1295 1950 ut
1321 1911 1486 1961 Thacyd.
1514 1910 1546 1950 1.
1572 1910 1623 1950 50
1655 1908 1728 1955 ἤδη
1765 1908 1808 1948 δὲ
1844 1909 1893 1956 ἦν
1927 1908 2026 1959 ὀψέ,
2064 1909 2132 1946 καὶ
2174 1910 2213 1946 οἱ
2246 1908 2463 1959 Κορίνθιοι
2534 1913 2536 1915 ’

302 1976 850 2029 ἐξαπίνης-ἐκρούοντο,
887 1982 956 2020 111.
986 1981 1072 2028 18.‚
1113 1982 1273 2020 Philoct.
1301 1981 1391 2019 354.
1434 1980 1515 2030 (Ita
1541 1981 1760 2031 saepissime
1786 1981 1896 2020 etiam
1931 1980 2120 2026 τε-καί,
2163 1986 2201 2018 ut
2235 1980 2396 2018 AnabaS.
2430 1977 2461 2017 1.

301 2046 339 2088 8.
368 2048 413 2097 73
443 2049 516 2089 vid.
544 2050 753 2101 Kriiger.);
784 2059 869 2102 post
896 2050 1029 2099 οὔπω,
1059 2050 1162 2090 ὅσον
1190 2052 1327 2100 οὔπω,
1357 2061 1396 2090 ut
1424 2053 1555 2101 Eut-ip.
1585 2052 1715 2091 Bacch.
1745 2052 1846 2092 1030
1871 2053 1938 2090 cfr.
1968 2053 2093 2090 Senec.
2121 2051 2315 2089 Phoeniss.
2336 2049 2366 2086 1.
2385 2048 2462 2086 245

303 2121 465 2159 videram
495 2122 655 2161 nondum
682 2122 800 2170 diem,
828 2128 872 2161 et
905 2124 979 2160 iam
1007 2123 1184 2168 timebar3
1225 2122 1317 2171 (pro
1345 2134 1416 2172 quo
1445 2123 1599 2160 Homer.
1637 2119 1707 2158 ὅτε
1744 2122 1769 2160 i.
1798 2135 1828 2161 e.
1868 2122 1987 2166 ἡνίκα
2020 2122 2135 2160 Jliad.
2172 2120 2205 2157 κ’
2238 2119 2317 2158 540
2349 2117 2462 2154 οὔπω

300 2190 438 2242 εἴρητο
472 2196 557 2229 πᾶν
603 2191 722 2237 ἔπος,
759 2191 887 2243 ὅτε-)
933 2198 1018 2243 post
1054 2190 1176 2241 ἄρτι,
1224 2197 1392 2242 μικροῦ,
1437 2198 1476 2229 ut
1512 2190 1715 2241 Cyropaed.
1750 2192 1780 2231 1.
1816 2192 1854 2232 4.
1889 2191 1927 2231 8.
1969 2191 2037 2229 καὶ
2074 2196 2238 2242 μικροῦ,
2273 2190 2460 2227 κάκεῖνον

300 2262 631 2313 ἐξετραχήλισεν;
661 2263 852 2313 (τε-καί.
879 2263 1017 2313 Cyrop.
1045 2263 1072 2301 I.
1103 2263 1138 2301 6.
1167 2264 1230 2300 22.
1273 2261 1371 2311 ἄρτι
1397 2274 1443 2297 τε
1472 2261 1727 2306 ἐξηπατηκὼς
1754 2261 1834 2307 εἴης
1862 2261 1935 2308 ἄν,
1975 2262 2042 2299 καὶ
2071 2262 2194 2313 ὀλίγῳ
2230 2261 2398 2311 ὕστερον
2412 2259 2458 2309 -)

301 2345 478 2382 persaepe
506 2339 592 2383 post
619 2334 729 2382 ἅμα,
771 2341 809 2371 ut
836 2333 952 2371 lsocr.
980 2335 1115 2381 Paneg.
1147 2346 1182 2381 p.
1211 2332 1274 2370 73.
1304 2344 1333 2369 c.
1371 2332 1458 2381 ἅμα
1494 2331 1847 2377 διαλλάττονται,
1887 2333 1958 2368 καὶ
1993 2336 2058 2378 τῆς
2096 2332 2249 2383 ἔχθρας
2290 2331 2458 2366 ἐπιλαν-

299 2401 521 2442 θάνονται.
578 2404 773 2442 Demosth.
802 2405 846 2442 de
872 2403 1011 2442 Coron.
1038 2416 1073 2452 p.
1094 2402 1182 2441 236.
1202 2402 1241 2453 S.
1261 2403 1323 2441 32.
1381 2403 1511 2451 Eurip.
1541 2402 1667 2440 Bacch.
1688 2415 1720 2440 v.
1742 2403 1851 2442 1035.
1877 2402 2062 2452 (τε-καὶ
2090 2415 2164 2441 non
2194 2403 2315 2439 minus
2335 2413 2457 2449 saepe,

300 2482 338 2511 ut
366 2473 502 2524 Cyrop.
529 2474 599 2514 111.
633 2473 672 2513 3.
706 2473 768 2513 32.
808 2474 894 2511 vll.
926 2475 960 2511 1.
997 2473 1104 2523 26),
1144 2485 1298 2523 quocum
1336 2479 1456 2521 potest
1492 2473 1682 2518 contendi,
1718 2474 1813 2523 quod
1850 2473 2108 2523 nemo,.qu0d
2142 2473 2277 2515 sciam,
2316 2470 2456 2507 notavit

299 2545 443 2594 ὁμοίως
472 2544 565 2590 καί,
602 2550 642 2583 ut
669 2545 808 2583 Alcest.
836 2556 869 2582 V.
898 2543 942 2582 71
983 2543 1147 2591 δράσεις
1185 2541 1372 2592 θ’ὸμοίως
1409 2542 1552 2588 ταῦτ’,
1592 2541 1821 2593 ἀπεχθήσει
1856 2542 2010 2592 τ’ἐμοί,
2045 2542 2149 2592 quasi
2187 2542 2233 2585 ὡς
2269 2539 2456 2589 δράσεις,

298 2616 345 2658 ὡς
373 2614 617 2665 ἀπεχθήσει,
645 2627 678 2654 s.
708 2610 778 2665 ἅμ’
806 2613 920 2664 ἔργον
950 2614 1033 2651 ἀπὸ
1056 2618 1154 2658 σοῦ,
1190 2612 1258 2663 οἶμ’
1285 2613 1410 2664 ἔχθος
1438 2612 1513 2649 ἀπ’
1542 2612 1650 2661 ἐμοῦ.
1679 2612 1861 2662 (τε-καὶ
1888 2613 2056 2664 Thucyd.
2084 2613 2115 2652 I.
2143 2612 2205 2652 70.
2234 2610 2351 2661 μόνοι
2379 2610 2455 2660 γὰρ

298 2685 443 2736 ’ἔχουσί
470 2698 515 2721 τε
544 2686 687 2734 ὁμοίως
713 2686 781 2722 καὶ
811 2685 1017 2731 ἐλπίζονσι
1046 2687 1273 2735 promiscue,
1301 2698 1331 2723 s.
1354 2687 1474 2731 iuxta,
1510 2684 1661 2732 perinde
1687 2684 1888 2733 habentque
1915 2691 2135 2733 sperantque
2171 2684 2197 2719 i.
2226 2694 2257 2719 e.
2294 2694 2367 2718 non
2400 2687 2455 2718 est

296 2757 372 2795 sere
400 2757 496 2807 quod
526 2756 668 2794 differat
696 2756 791 2793 inter
819 2757 952 2794 habere
980 2764 1014 2794 et
1041 2769 1209 2804 sperare,
1238 2762 1294 2795 est
1322 2767 1432 2793 unum
1461 2754 1538 2793 fere
1565 2754 1750 2804 idemque,
1777 2757 1819 2803 sit
1848 2756 1955 2802 fanen
1984 2757 2194 2803 gusommen.
2211 2772 2258 2779 —-
2287 2751 2453 2800 Thucyd-

294 2827 344 2864 Il.
376 2827 436 2864 44.
464 2826 531 2861 καὶ
559 2825 614 2863 ὦν
642 2825 982 2874 ἐνευδαιμονῆσαί
1009 2838 1054 2861 τε
1084 2826 1104 2860 ὀ
1132 2825 1217 2872 βίος
1246 2824 1388 2873 ὁμοίως
1416 2823 1484 2860 καὶ
1521 2823 1810 2868 ἐντελευτῆσαι
1845 2821 2171 2874 ξυνεμετρήθη.)
2200 2842 2248 2848 --
2291 2822 2350 2858 Ab
2386 2821 2453 2858 hoc

297 2903 481 2946 tamquam
511 2896 694 2946 principio
725 2907 814 2933 usus
843 2896 914 2933 iam
945 2896 1057 2933 latius
1085 2902 1182 2944 patet
1210 2903 1244 2932 et
1272 2901 1427 2943 possunt
1454 2895 1525 2932 huc
1551 2895 1682 2932 referri
1708 2907 1859 2944 cumque
1885 2902 2015 2933 nostro
2035 2895 2116 2930 loco
2142 2891 2301 2929 conferri
2322 2891 2454 2938 Oedip.

296 2966 388 3018 Reg.
415 2963 478 3005 60.
521 2966 657 3006 Trach.
689 2964 810 3015 1072,
840 2966 948 3006 etiam
977 2966 1102 3017 Antig.
1134 2963 1229 3013 726,
1258 2965 1387 3015 Eut-ip.
1415 2965 1546 3006 Helen.
1579 2964 1691 3006 1147.
1720 2966 1771 3003 σὺ
1798 2965 1892 3011 Διὸς
1921 2965 2041 3017 ἔφυς,
2069 2962 2098 3000 ὦ
2126 2962 2283 3001 Ἑλένα.
2307 2984 2350 2991 -
2381 2961 2450 2997 καὶ
