2815 3398
329 396 427 445 quod
454 395 492 431 in
519 394 676 441 stropha
702 392 752 430 11.
782 393 948 440 ἡνεμόεν
976 398 1129 439 propter
1156 392 1386 440 μηχανόεν,
1415 393 1511 443 quod
1537 396 1594 431 est
1620 392 1659 429 in
1685 392 1939 443 antistropha,
1965 392 2143 431 exhibuit.
2196 392 2305 430 Recte
2340 392 2385 431 de
2421 393 2488 431 hac

334 478 373 504 re
398 464 561 504 Ellendt.
589 463 740 509 statuit,
769 474 873 512 quem
904 461 977 499 vid.
1005 463 1089 499 suh.
1113 474 1146 499 v.
1168 461 1365 511 ἀνεμόεις.
1419 465 1537 512 Atque
1561 462 1646 512 quis
1674 474 1748 500 non
1775 463 1893 508 videt,
1921 464 1971 500 ibi
1999 463 2221 512 respondere
2237 464 2362 511 potius
2379 463 2490 500 verba

334 534 421 571 καὶ
449 533 628 584 ἀνεμόεν
656 533 780 572 verbis
807 530 891 568 καὶ
918 530 1212 581 ἀστυνόμους,
1242 540 1281 571 ut
1308 533 1459 572 verbum
1496 532 1688 584 φθέγμα
1716 533 1827 571 verbo
1864 532 2113 583 φρόνημα,
2141 534 2411 572 consonantia?
2438 555 2487 561 —

488 619 524 645 v.
551 604 592 643 9.
632 604 773 653 Scripsi
802 600 850 639 ὃν
878 601 1015 645 ἕξεται
1040 610 1088 648 et,
1118 604 1189 641 nisi
1211 615 1267 641 me
1285 605 1410 642 omnia
1429 604 1574 651 fallunt,
1592 616 1716 643 veram
1735 604 1959 652 scripturam
1978 603 2139 642 restitui.
2171 604 2283 643 Pron.
2312 602 2361 642 ὂν
2383 604 2490 642 facile

333 679 371 715 in
399 676 634 726 praecedente
659 675 771 712 verbo
798 670 933 710 ἵππον
959 675 1108 711 evanuit
1135 674 1373 723 absorptum,
1408 673 1545 720 ἕξεται
1572 676 1693 726 primo
1721 675 1969 715 Laurentiano
1996 680 2031 713 et
2057 673 2150 713 Cod.
2178 675 2265 714 Par.
2293 676 2322 714 F
2350 674 2488 715 confir-

334 754 470 786 matur.
523 746 566 785 In
592 745 804 784 accusativo
831 743 968 781 ἵππον
997 752 1082 794 post
1108 746 1310 795 genitivum
1339 758 1467 792 nemo,
1495 747 1624 794 eredo,
1652 747 1835 792 haerebit,
1862 757 1977 797 neque
2004 745 2043 784 in
2071 746 2290 795 pronomine
2325 744 2372 783 ὃν
2406 758 2487 784 cum

333 818 460 856 tuturo
487 818 629 860 iuncto,
657 810 795 866 quippe
822 828 895 866 quo
922 815 1151 866 significetur
1177 816 1254 854 fere
1279 816 1385 861 ὅπως
1412 815 1579 867 ἔχηται,
1608 823 1648 856 ut
1672 817 1840 868 Thucyd.
1865 816 1935 856 111.
1954 815 2002 856 16
2027 816 2199 868 ὕστερον
2224 815 2267 854 δὲ
2293 816 2489 855 ναυτικὸν

332 885 658 936 παρεσκεύαζον,
696 885 775 931 cm
800 886 1036 935 πέμψωσιν
1062 885 1120 929 εἰς
1146 886 1305 935 Λεσβόν
1332 888 1356 925 i.
1385 898 1416 923 e.
1453 885 1538 931 cm
1572 887 1746 936 ἤμελλον
1779 885 1941 937 πέμψαι
1973 897 2007 925 s.
2043 885 2151 933 ὅπως
2184 885 2420 937 πέμψωσιν,
2453 894 2489 925 et

333 956 466 1006 Oedip.
502 956 596 1007 Reg.
635 969 670 994 v.
702 955 773 996 171
814 955 844 1006 ᾧ
881 971 941 1000 τις
979 955 1178 1000 ἀλέξεται.
1207 978 1255 984 -
1312 957 1418 1001 Quod
1463 958 1669 995 Brunckius
1708 959 1932 1007 scripserat:
1972 956 2198 1002 ὑπάξεται,
2239 958 2324 995 licet
2363 958 2487 995 verbis

331 1026 491 1066 Homeri
517 1027 633 1066 Jliad.
663 1026 707 1065 π’
734 1026 809 1066 148
834 1026 1074 1076 Αὐτομέδων
1100 1026 1232 1075 ὕπαγε
1259 1025 1378 1074 ζυγὸν
1413 1026 1538 1070 ὠκέας
1572 1026 1724 1071 ἵππους
1759 1034 1794 1065 et
1827 1027 1845 1063 ἐ
1877 1026 1951 1066 731
1988 1028 2069 1064 ’ὑπὸ
2105 1027 2148 1063 δὲ
2184 1026 2302 1076 ζυγὸν
2343 1025 2489 1076 ἤγαγεν

322 1094 430 1147 Ἤρη
457 1094 614 1141 ἵππους
653 1096 865 1142 ὠκύποδας
902 1096 1173 1148 quodammodo
1200 1096 1538 1143 commendaretur,
1574 1096 1710 1136 nemini
1748 1097 1885 1146 placuit
1909 1104 1946 1136 et
1972 1098 2138 1147 profecto
2165 1098 2329 1135 futurum
2357 1099 2487 1136 aorist.

329 1169 394 1204 vix
421 1167 627 1206 tolerabile.
691 1167 760 1203 Sed
798 1167 958 1205 sortasse
991 1168 1151 1216 cuipiam
1188 1167 1465 1216 praeferendum
1504 1167 1689 1204 videbitur
1724 1164 1772 1204 ὃν
1807 1165 1952 1211 ἅζεται
1986 1167 2227 1220 ἀμφίλοχον
2265 1167 2383 1217 ζυγὸν
2419 1180 2486 1216 pro

331 1238 407 1282 εἰς,
434 1236 515 1274 ὑπὸ
543 1237 646 1287 ἀμφ.
675 1236 730 1282 ζ.ς
773 1237 861 1274 mihi
890 1249 963 1275 non
992 1238 1098 1283 item,
1137 1250 1201 1275 nec
1235 1238 1400 1275 dubitavi
1438 1238 1603 1288 equidem
1640 1237 1878 1288 ἀμφίλοχον
1912 1239 2094 1285 scribere,
2130 1252 2240 1290 quum
2277 1241 2402 1277 liceret
2441 1237 2486 1274 ὂν

331 1307 467 1351 ἕξεται
494 1307 601 1356 ἄμφι
626 1308 757 1356 λόφον
785 1307 903 1357 ζυγὸν
929 1310 980 1357 (i.
1009 1322 1044 1358 q.
1074 1307 1182 1353 ὅπως
1210 1308 1286 1347 τὸν
1311 1308 1437 1344 αὐτοῦ
1465 1308 1598 1359 λόφον
1625 1308 1914 1360 ἀμπίσχηται)
1950 1310 2151 1361 verbaque,
2183 1309 2485 1361 quemadmodum

329 1385 434 1417 erant
459 1380 541 1417 sine
566 1378 681 1418 dubio
708 1380 858 1418 Scholio
887 1379 1067 1429 praefixa:
1096 1379 1204 1429 ἀμφὶ
1230 1380 1360 1429 λόφον
1387 1379 1517 1428 ζιγόν,
1546 1380 1647 1428 (vid.
1675 1380 1829 1429 Herm.)
1857 1379 1895 1418 id
1922 1381 2014 1419 adeo
2033 1381 2244 1418 invitarent.
2277 1381 2371 1418 Nam
2390 1381 2486 1429 quod

329 1450 439 1487 verbo
465 1448 692 1500 ἀμπίσχειν
718 1461 751 1488 s.
779 1449 1076 1501 ἀμπίσχεσθαι
1104 1452 1395 1501 exprimeretur,
1424 1450 1460 1488 id
1488 1450 1610 1499 ipsum
1639 1450 1915 1500 praepositione
1935 1449 2044 1502 ἀμφὶ
2059 1451 2231 1488 adiectivi
2249 1450 2487 1501 ἀμφίλοχον

326 1518 377 1568 (i.
410 1532 443 1558 e.
470 1520 600 1569 λόχον
628 1519 873 1570 ἀμπίσχον)
899 1520 1129 1565 continetur,
1158 1521 1270 1559 verbo
1294 1520 1430 1565 ἕξεται
1455 1527 1597 1568 autem,
1633 1532 1715 1558 cum
1742 1533 1764 1558 a
1791 1531 1964 1570 praepos.
1999 1519 2109 1570 ἀμφί
2144 1526 2356 1569 separatur,
2392 1532 2487 1559 nova

325 1589 507 1627 sententia
541 1591 693 1627 accedit.
719 1611 767 1616 —
812 1589 985 1628 Ceterum
1029 1590 1270 1633 crediderim,
1314 1592 1537 1637 scripturam
1587 1590 1734 1632 ἅζεται
1776 1596 1987 1639 corruptam
2027 1589 2174 1640 quidem
2210 1600 2293 1627 esse
2328 1600 2373 1627 ex
2400 1600 2487 1627 voce

328 1657 482 1707 ἕξεται,
511 1671 680 1698 manasse
708 1666 827 1697 tamen
856 1672 902 1697 ex
929 1660 1053 1698 verbis
1081 1660 1260 1707 Homeri,
1288 1672 1380 1710 quae
1407 1660 1578 1707 exhibui,
1607 1670 1787 1710 tamquam
1816 1662 1916 1699 fonte
1941 1673 2024 1699 suo.

478 1741 514 1767 v.
543 1728 613 1767 10.
668 1729 833 1778 ἀκμῆτα
863 1730 968 1767 unice
995 1741 1144 1776 verum,
1171 1741 1244 1768 non
1264 1731 1374 1770 modo
1393 1731 1489 1780 quod
1509 1731 1630 1779 prima
1653 1732 1689 1768 in
1711 1733 1888 1769 vocabulo
1908 1730 2036 1780 ἀδμὴς
2066 1741 2250 1779 nunquam
2269 1729 2483 1778 corripitur,

324 1800 389 1840 sed
416 1800 526 1839 etiam
554 1800 650 1849 quod
678 1800 860 1838 sententia
888 1806 1028 1838 tantum
1055 1813 1130 1838 non
1157 1800 1311 1850 flagitat.
1362 1802 1461 1844 Nam
1498 1801 1657 1848 ἀκμὴς
1693 1808 1822 1837 taurus
1857 1801 1928 1838 sub
1962 1801 2069 1848 iugo
2105 1806 2180 1843 est,
2217 1800 2280 1847 qui
2315 1799 2483 1847 quamvis

324 1870 436 1908 etiam
463 1876 572 1920 atque
598 1871 710 1908 etiam
738 1870 915 1920 depresso
941 1875 1067 1910 aratro
1094 1870 1257 1921 ingemat
1283 1869 1418 1921 (Virg.
1446 1870 1585 1920 Georg.
1612 1869 1643 1908 1.
1671 1869 1769 1919 45),
1797 1879 1917 1908 tamen
1945 1882 2018 1907 non
2046 1870 2243 1917 fatigatur,
2280 1869 2393 1916 deque
2419 1869 2486 1906 hoc

325 1940 463 1989 agitur.
516 1939 659 1988 Ἀδμὴς
686 1947 807 1977 autem
834 1941 985 1978 nomine
1011 1940 1148 1977 diceret
1174 1944 1304 1989 poeta,
1341 1939 1526 1977 hominem
1561 1938 1712 1977 domare
1748 1945 1893 1976 taurum
1930 1937 2240 1985 indomitum,
2274 1938 2370 1988 quod
2406 1937 2486 1976 sive

328 2008 621 2058 δυςδάμαστον
646 2010 730 2047 sive
755 2010 906 2047 adhuc
933 2009 1152 2048 indomitum
1180 2009 1262 2047 sive
1288 2009 1438 2046 ferum
1466 2008 1617 2047 omnino
1645 2008 1849 2058 significat,
1887 2009 2010 2046 verbis
2041 2008 2299 2058 superioribus
2331 2007 2490 2060 ἀγραύ-

328 2079 426 2124 λου,
454 2079 717 2131 ἀρεσσιβάτα
747 2082 818 2119 iam
846 2093 1063 2130 expressum
1092 2087 1160 2118 est.

481 2150 634 2201 Stroph.
664 2151 728 2190 ΙΙ.
755 2164 790 2192 v.
821 2152 855 2191 1.
884 2151 930 2190 2.
984 2151 1153 2202 φθέγμα
1180 2149 1252 2186 καὶ
1281 2150 1452 2199 ἀνεμόεν
1479 2148 1680 2202 φρόνημα.
1733 2149 1831 2189 1¹lud
1857 2150 2099 2201 eloquium
2126 2156 2204 2198 est,
2229 2162 2333 2189 nam:
2374 2152 2485 2198 „elo-

329 2223 455 2271 quium
484 2231 540 2260 est
566 2223 745 2260 humanae
771 2224 1088 2272 pronuntiationis
1116 2233 1293 2272 expressa
1328 2220 1572 2271 significatio,
1611 2222 1757 2260 facilem
1793 2222 1974 2260 mentibus
2005 2221 2184 2260 exhibens
2218 2221 2488 2260 intellectum.“

326 2292 516 2338 Diomed.,
536 2294 622 2331 item
645 2295 866 2343 eloquentia.
904 2294 999 2341 Hoc,
1022 2294 1152 2342 inquit,
1173 2294 1283 2331 homo
1306 2297 1422 2329 semet
1449 2291 1530 2339 ipse
1556 2292 1694 2330 docuit.
1722 2311 1773 2319 —
1806 2291 1915 2337 „Hoc
1942 2294 2039 2329 enim
2067 2303 2140 2330 uno
2167 2298 2399 2341 praestamus
2427 2293 2483 2329 vel

327 2363 489 2402 maxime
514 2362 629 2410 seris,
656 2364 751 2413 quod
778 2365 942 2414 colloqui
969 2365 1066 2402 inter
1092 2376 1161 2402 nos
1189 2369 1224 2401 et
1250 2362 1347 2414 quod
1374 2362 1584 2412 exprimere
1609 2362 1762 2401 dicendo
1788 2373 1897 2401 sensa
1923 2373 2133 2413 possumus.
2159 2382 2209 2390 —
2235 2361 2283 2401 Et
2309 2374 2401 2413 quae
2428 2362 2486 2400 vis

326 2433 401 2472 alia
428 2434 551 2482 potuit
575 2440 642 2472 aut
667 2435 858 2484 dispersos
887 2436 1054 2475 homines
1083 2447 1196 2473 unum
1224 2435 1262 2473 in
1290 2437 1411 2473 locum
1439 2446 1685 2483 congregare,
1722 2441 1784 2471 aut
1810 2445 1831 2471 a
1858 2433 1936 2471 l'era
1962 2434 2174 2483 agrestique
2208 2433 2285 2470 vita
2317 2433 2363 2470 ad
2390 2433 2485 2469 hunc

329 2503 527 2542 humanum
554 2505 696 2544 cultum
724 2505 940 2556 civilemque
966 2506 1201 2545 (κόποι-026*
1255 2504 1333 2544 Cic.
1363 2505 1407 2543 de
1435 2504 1541 2544 Orat.
1572 2503 1601 2542 1.
1628 2502 1667 2542 8.
1694 2503 1758 2542 32.
1786 2526 1837 2532 —
1863 2506 2036 2543 Altero
2063 2506 2125 2542 vix
2152 2504 2317 2541 dubitari
2344 2510 2486 2552 potest,

329 2574 417 2620 quin
438 2578 544 2622 poeta
561 2575 828 2626 significaverit
856 2577 1228 2626 philosophiam,
1255 2577 1336 2614 sive
1363 2576 1658 2627 sapientiam
1686 2582 1721 2615 et
1747 2575 2054 2626 prudentiam
2081 2574 2303 2622 nominabis,
2329 2570 2491 2624 σοφίαν-

331 2651 367 2681 et
401 2644 624 2696 φρόνησινς
670 2647 736 2694 „in
771 2649 860 2685 illa
896 2650 992 2686 enim
1027 2650 1236 2685 continetur
1270 2649 1422 2685 deorum
1458 2655 1494 2686 et
1528 2648 1716 2686 hominum
1750 2648 1994 2686 communitas
2031 2654 2067 2686 et
2106 2646 2318 2686 societas
2356 2645 2486 2683 inter

331 2715 490 2763 ipsos,
529 2716 640 2755 haee
677 2725 733 2756 est
769 2730 894 2756 rerum
929 2720 1213 2768 expetendarum
1250 2727 1284 2756 et
1320 2720 1578 2769 fugiendarum
1614 2718 1809 2757 scientia.“
1871 2717 1974 2767 (Cic.
2013 2718 2085 2758 off.
2109 2717 2141 2757 1.
2175 2716 2239 2756 43.
2274 2715 2342 2754 cfr.
2369 2715 2486 2754 Tusc.

332 2784 437 2834 Disp.
471 2786 521 2825 V.
547 2787 611 2826 24.
640 2786 727 2836 68).
758 2811 798 2815 -
844 2782 971 2835 „Quid
1000 2802 1073 2827 non
1100 2790 1209 2828 modo
1235 2803 1325 2837 nos,
1352 2792 1415 2829 sed
1442 2791 1596 2829 omnino
1624 2790 1699 2826 vita
1726 2790 1914 2828 hominum
1941 2790 2022 2828 sine
2047 2796 2083 2827 te
2101 2787 2384 2837 (philosophia)
2403 2798 2487 2825 esse

331 2856 543 2905 potuisset?
594 2857 655 2898 Tu
685 2860 795 2898 urbes
821 2860 1017 2910 peperisti,
1046 2867 1083 2899 tu
1111 2860 1314 2910 dissipatos
1341 2863 1510 2900 homines
1537 2862 1573 2899 in
1602 2862 1812 2899 societatem
1842 2862 1938 2898 vitae
1963 2860 2195 2898 convocasti:
2232 2866 2269 2895 tu
2297 2870 2360 2895 eos
2389 2859 2485 2894 inter

332 2937 375 2963 se
401 2928 522 2975 primo
548 2929 772 2976 domiciliis,
801 2930 932 2969 deinde
956 2931 1164 2981 coniugiis,
1193 2938 1269 2969 tum
1297 2932 1485 2971 literarum
1515 2938 1549 2969 et
1578 2943 1705 2970 vocum
1731 2932 1988 2971 communione
2015 2928 2193 2968 iunxistiz
2233 2931 2272 2965 tu
2299 2927 2485 2966 inventrix

332 2998 477 3046 legum,
504 3005 544 3035 tu
571 3002 749 3049 magistra
777 3013 923 3039 morum
949 3008 986 3038 et
1011 3001 1232 3050 disciplinae
1259 3001 1406 3039 fuisti.“
1458 3002 1574 3039 Tusc.
1603 3001 1752 3051 Disput.
1781 3002 1830 3040 V.
1857 3002 1895 3039 2.
1924 3001 1963 3040 5.
1993 3021 2040 3027 —-
2084 2999 2127 3038 ln
2155 2998 2268 3037 verbo
2293 2994 2483 3048 φρόνημα
