2815 3398
514 407 674 446 Antt'str.
707 406 770 445 ΙΙ.
800 419 834 447 v.
862 406 905 444 3.
959 407 1118 455 Egregie
1154 407 1249 444 hune
1283 415 1317 445 et
1353 414 1544 457 sequentes
1579 416 1708 443 versus
1744 405 1955 453 explanavit
1992 404 2206 443 Boeckhius.
2267 404 2511 454 Comparetur

361 486 503 529 praeter
529 478 668 517 dictum
696 478 945 528 Theognidis,
974 476 1054 513 sive
1080 476 1163 524 quis
1189 476 1288 513 alius
1316 477 1431 521 dixit,
1459 474 1554 524 quod
1581 480 1700 510 exstat
1729 474 1824 521 apud
1852 474 2136 522 Xenophontem
2166 475 2324 512 Memor.
2351 476 2456 513 Socr.
2479 473 2510 511 1.

359 550 396 587 2.
425 550 487 587 21.
544 547 685 600 Αὐτὰρ
715 547 813 596 ἀνὴρ
842 546 998 596 ἀγαθὸς
1026 544 1125 582 τοτὲ
1152 558 1184 583 s.
1209 544 1315 583 ποτὲ
1343 544 1413 595 μὲν
1440 542 1586 592 κακός,
1626 541 1779 580 ἄλλοτε
1808 543 1843 579 δ”
1870 543 2046 589 ἐσθλός,
2074 547 2183 584 etiam
2212 546 2367 585 Homeri
2395 545 2510 583 Jliad.

360 620 387 655 ὠ
418 633 452 658 v.
480 619 558 659 530
591 616 761 655 Ἀλλοτε
788 617 859 666 μέν
886 630 931 652 τε
961 619 1069 664 κακῷ
1098 612 1164 664 ὅγε
1192 615 1380 667 κύρεται,
1408 613 1561 651 ἄλλοτε
1589 614 1779 664 δ’ἐσθλῷ,
1806 625 2023 666 quamquam
2051 615 2198 654 diversa
2223 616 2416 656 sententia.
2469 614 2512 655 In

359 690 485 729 verbis
514 688 618 727 nov}
644 687 715 738 μὲν
742 687 869 726 κακὸν
896 701 928 726 s.
959 686 1025 724 ἐπὶ
1051 688 1178 723 κακὸν
1208 687 1316 735 ἕρπει
1344 700 1403 725 res
1430 700 1575 724 summa
1602 688 1771 733 vertitur,
1799 693 1834 723 et
1860 687 2085 735 cogitatione
2103 689 2347 736 supplendum
2366 687 2512 724 videtur

360 771 404 798 ex
434 771 529 798 vers.
558 757 629 797 621
659 756 785 803 δόξαν
813 756 968 795 ἐσθλὸν
996 755 1106 796 εἶναι
1144 756 1341 807 (ἄγοντος
1370 757 1467 793 θεοῦ
1497 756 1645 806 φρένας
1673 755 1771 808 πρὸς
1798 755 1944 805 ἄταν).
1998 756 2080 794 Hac
2107 757 2336 803 incredibili,
2371 758 2511 805 inquit,

361 830 554 877 prudentia
590 834 624 866 et
657 829 827 879 quamvis
864 829 931 867 illa
967 828 1193 874 instructus,
1230 832 1350 866 tamen
1389 837 1733 878 nonnumquam
1785 825 1809 865 i.
1846 838 1877 864 e.
1922 824 2038 864 haud
2083 838 2215 872 raro,
2257 839 2511 875 persaepe,

358 900 493 936 accedit
520 900 563 936 ad
593 890 749 945 malum,
792 900 888 949 quod
925 900 1046 936 visum
1082 898 1157 935 sibi
1195 899 1245 936 sit
1274 900 1409 936 bonum
1447 909 1541 936 esse.
1607 896 1869 935 secundarium
1909 902 1965 935 est
2001 894 2140 933 ἄλλοτ’
2175 897 2238 934 ἐπ’
2267 895 2443 944 ἐσθλόν,
2479 903 2514 935 et

359 969 498 1007 omissa
526 966 569 1004 δὲ
595 969 787 1016 particula,
811 969 887 1006 fere
908 968 1206 1015 parentheticum.
1262 969 1323 1004 Sic
1349 968 1587 1013 crediderim,
1613 978 1687 1004 non
1715 967 1794 1003 sine
1821 976 1953 1003 caussa
1980 970 2125 1014 poetam
2144 966 2285 1005 dixisse
2311 966 2408 1003 ποτὲ
2429 965 2513 1016 μὲν,

358 1049 430 1076 non
467 1037 552 1075 item
589 1034 692 1073 ποτὲ
727 1035 793 1081 δέ,
830 1036 892 1074 sed
930 1034 1109 1084 ἄλλοτε,
1146 1048 1257 1086 quum
1293 1049 1366 1076 non
1402 1038 1509 1086 paria
1545 1038 1641 1074 inter
1676 1048 1716 1074 se
1742 1038 1972 1085 copulentur.
2027 1037 2237 1085 Respondet
2265 1044 2385 1075 autem
2411 1037 2515 1073 ποτὲ

356 1106 571 1147 adverbium
599 1107 681 1155 illi,
708 1107 803 1158 quod
831 1108 967 1157 legitur
993 1119 1028 1146 V.
1054 1106 1127 1145 621
1156 1113 1192 1145 et
1217 1106 1292 1144 vim
1323 1106 1429 1144 habet
1457 1106 1700 1155 peculiarem,
1728 1117 1839 1154 aeque
1866 1113 1973 1155 atque
2003 1106 2139 1151 τινὲς
2177 1107 2271 1144 idem
2299 1119 2408 1156 saepe
2445 1108 2514 1145 de-

357 1178 473 1214 clarat
500 1188 630 1225 graece
656 1177 752 1225 quod
780 1177 939 1225 aliqui
968 1178 1092 1223 latine,
1120 1177 1155 1213 h.
1180 1189 1211 1213 e.
1242 1175 1394 1212 multi.
1449 1175 1568 1224 Igitur
1595 1175 1718 1212 valent
1742 1174 1874 1212 verba:
1902 1185 1984 1212 cum
2012 1175 2088 1214 alio
2115 1181 2279 1225 tempore
2305 1175 2350 1214 ad
2380 1176 2513 1214 bonum

356 1252 434 1283 tum
462 1246 538 1284 alio
564 1244 674 1283 etiam
703 1245 835 1295 (idque
862 1245 1097 1295 frequenter)
1122 1246 1169 1283 ad
1197 1246 1334 1283 malum
1362 1245 1515 1282 accedit.
1568 1245 1651 1283 Non
1678 1245 1786 1282 aliter
1816 1255 1857 1282 se
1885 1255 1945 1282 res
1973 1243 2078 1282 habet
2114 1244 2151 1282 in
2188 1244 2256 1282 illo
2285 1245 2514 1296 Theognidis

359 1316 480 1362 dicto,
509 1329 592 1354 nam
621 1317 760 1365 probus
795 1317 852 1352 vir
888 1318 1102 1363 plerumque
1139 1316 1258 1352 bonus
1294 1322 1328 1351 et
1363 1326 1434 1351 non
1469 1325 1665 1363 numquam
1703 1316 1823 1351 malus
1858 1321 1935 1361 est3
1972 1321 2099 1354 contra
2136 1316 2175 1354 in
2209 1316 2379 1355 Homeri.
2434 1316 2513 1354 Cir.

359 1385 469 1424 etiam
498 1384 614 1424 Jliud.
648 1384 672 1434 ρ’
707 1383 781 1423 177
808 1393 841 1423 et
873 1384 964 1430 178,
1003 1386 1063 1422 ubi
1103 1387 1210 1423 verba
1248 1384 1317 1421 ὁτὲ
1354 1383 1512 1427 δἀὐτὸς
1550 1384 1759 1432 ἐποτρύνει
1794 1385 2067 1434 μαχέσασθαι
2099 1386 2275 1422 similiter
2310 1387 2415 1434 quasi
2452 1398 2515 1433 per

359 1459 596 1491 transennam
624 1453 747 1490 animo
777 1458 1021 1501 praetereunt.

512 1535 547 1560 v.
583 1524 624 1559 4.
687 1522 906 1573 παρείρων.
949 1522 1011 1559 Gt.
1048 1523 1069 1557 ὁ
1108 1521 1359 1573 φυλάσσων,
1401 1522 1587 1569 confusis,
1626 1520 1755 1569 credo,
1794 1520 1919 1561 verbis
1946 1520 2067 1573 εἴρειν
2094 1529 2129 1562 et
2168 1522 2320 1573 ἐρύειν,
2362 1524 2517 1574 sipi-ew.

360 1592 500 1631 Veram
527 1593 633 1629 verbi
660 1597 878 1640 potestatem
905 1591 1050 1640 primus
1078 1591 1253 1628 indicavit
1281 1592 1531 1629 Hermannus.
1587 1589 1758 1628 Dubitari
1788 1601 1860 1627 non
1890 1596 2022 1639 potest,
2050 1591 2135 1641 quin
2157 1590 2276 1642 εἴρειν
2293 1593 2343 1631 sit
2363 1594 2515 1632 latinum

361 1674 542 1707 serere,
577 1667 844 1712 cognatumque
871 1673 953 1699 cum
983 1661 1095 1698 verbo
1123 1659 1243 1696 εἴλειν
1272 1668 1306 1698 et
1333 1660 1497 1697 πλέκειν
1532 1660 1582 1710 (i.
1613 1673 1642 1698 e.
1680 1660 1891 1698 πελλέκειν
1919 1674 1962 1699 ex
1991 1661 2175 1708 Εέλλειν,
2210 1663 2391 1713 γέλλειν,
2426 1664 2518 1702 κέλ-

360 1731 444 1770 λειν
471 1743 503 1770 s.
530 1730 721 1781 πέλλειν)
758 1739 795 1788 ut
823 1743 937 1779 supra
965 1731 1133 1780 exposui.
1187 1731 1250 1768 Sic
1286 1732 1447 1768 πλέκειν
1475 1738 1509 1767 et
1536 1731 1678 1780 εἴρειν,
1710 1732 1912 1768 συνειλεῖν
1940 1733 2173 1783 στεφάνους
2201 1736 2339 1772 dicunt.
2395 1736 2518 1786 Itaque

359 1796 568 1854 παρείρειν
603 1812 676 1838 non
703 1799 818 1838 ferme
845 1800 1033 1839 diversum
1060 1799 1132 1838 erit
1157 1811 1178 1836 a
1205 1800 1317 1838 verbo
1345 1798 1644 1849 παραπλέκειν,
1671 1800 1895 1848 significabit
1921 1809 2041 1839 autem
2070 1810 2148 1840 aut
2175 1803 2296 1840 aliena
2322 1817 2413 1852 quae
2432 1814 2519 1842 sunt

360 1872 544 1918 inserere,
570 1870 801 1916 immiscere,
829 1870 1060 1917 εἰηῐώίώεη,
1093 1869 1370 1915 unterfcbieben,
1404 1870 1430 1906 i.
1461 1882 1495 1919 q.
1523 1868 1846 1919 παρεμπλέκειν,
1875 1868 2127 1920 παρενείρων
2163 1870 2241 1919 (sic
2268 1873 2517 1922 παρενείρειν

361 1939 512 1978 ἑαυτὸν
540 1940 594 1983 εἰς
623 1938 790 1982 πάντα,
819 1939 1003 1985 inserere,
1031 1939 1238 1977 immiscere
1266 1952 1326 1984 se,
1357 1941 1437 1976 sive
1464 1940 1658 1977 admisceri
1689 1941 1734 1976 ad
1762 1941 1897 1985 omnia,
1926 1948 1961 1977 et
1978 1941 2245 1991 παραπλοκή;
2274 1945 2518 1994 παρειςβάλ-

361 2011 448 2048 λιιν
476 2009 593 2054 Suid„
612 2008 679 2046 cfr.
698 2010 973 2059 παρειςάγειν,
1002 2010 1087 2046 lat.:
1115 2010 1316 2054 insifflius,
1346 2009 1500 2057 -ivus)‚
1525 2017 1559 2046 et
1579 2010 1628 2046 ita
1647 2009 1723 2046 fere
1751 2017 2048 2057 praetexere,
2078 2019 2156 2048 aut
2184 2023 2290 2049 secus
2310 2025 2418 2062 quam
2440 2014 2519 2052 fieri

361 2081 488 2126 debet,
515 2090 658 2124 serere,
688 2078 754 2128 (ut
781 2090 889 2128 saepe
916 2090 1088 2128 praepos.
1116 2078 1232 2128 παρὰ
1260 2085 1410 2118 nostrae
1437 2089 1513 2119 ver
1532 2099 1581 2107 --
1617 2079 1838 2129 respondet)
1867 2080 2195 2133 παραστρέφειν,
2221 2084 2518 2134 παρατρέπειν,

362 2153 578 2200 detorquere
605 2156 640 2187 et
667 2150 889 2198 depravare,
918 2150 1106 2188 „everchen
1134 2151 1191 2187 vel
1216 2157 1253 2188 ut
1276 2150 1415 2198 placuit
1441 2149 1644 2188 Boeckhio:
1688 2150 1907 2194 verwiffeln,
1946 2153 2163 2197 vermium,
2200 2154 2390 2202 implicare
2425 2156 2518 2204 (cfr.

364 2220 602 2270 ἐμπλέκειν,
633 2218 936 2271 περιπλέκειν),
964 2225 1071 2269 atque
1099 2219 1182 2257 inde
1223 2222 1516 2258 conturbare
1550 2232 1580 2258 s.
1615 2220 1816 2259 violare.
1874 2220 2050 2272 Equidem
2092 2223 2365 2269 „inserens“
2409 2230 2521 2271 verti,

364 2293 470 2341 prius
500 2292 594 2329 illud
631 2298 828 2343 sequutuS,
866 2297 899 2327 et
934 2291 1044 2328 velim
1080 2291 1290 2329 conseratur
1326 2292 1409 2329 Liv.
1440 2291 1607 2329 XXVII.
1633 2291 1719 2328 23:
1776 2291 1876 2328 Adeo
1913 2292 2077 2330 minimis
2114 2295 2222 2331 etiam
2261 2297 2368 2334 rebus
2406 2310 2518 2346 prava

362 2362 496 2412 religio
527 2361 659 2399 inserit
686 2360 800 2399 Deos.
830 2383 878 2390 —

517 2445 552 2472 v.
581 2432 736 2470 6—-5,
789 2433 983 2479 ὑψίπολις
1019 2433 1168 2478 ἄπολις
1204 2436 1393 2484 apposite,
1432 2436 1483 2473 uti
1522 2436 1664 2485 stroph.
1703 2448 1798 2474 vers.
1827 2436 1872 2482 6,
1910 2445 1948 2475 ut
1976 2439 2209 2489 quadrandae
2246 2441 2427 2479 orationis
2457 2443 2517 2479 in-

365 2505 508 2542 dustria
532 2510 721 2552 appareat.
774 2503 921 2541 Dictum
951 2512 1005 2543 est
1030 2506 1127 2543 sicut
1154 2506 1247 2543 illud
1275 2504 1388 2549 πόλις
1417 2504 1588 2550 ἄπολις,
1618 2506 1734 2550 πόλις
1763 2507 2018 2553 ὶσοπολῐτις,
2046 2520 2087 2545 ac
2105 2509 2155 2544 τὸ
2175 2509 2302 2547 καλὸν
2323 2512 2369 2546 οὐ
2390 2512 2517 2548 καλόν

365 2573 522 2623 (Eurip.
553 2572 676 2611 Orest.
703 2584 740 2610 V.
764 2571 865 2621 807)
892 2581 926 2611 et
947 2575 1102 2614 similia.
1149 2575 1319 2621 Ἀπολις
1350 2577 1373 2614 i.
1403 2589 1434 2614 e.
1464 2575 1559 2612 ἄνευ
1586 2577 1821 2620 πολιτείας,
1860 2577 2029 2625 ἄτιμος,
2067 2580 2139 2616 nisi
2169 2580 2264 2618 forte
2291 2583 2401 2618 etiam
2431 2583 2465 2618 h.
2498 2585 2520 2619 Ι.

367 2644 529 2692 patria
555 2644 673 2681 exul.
732 2641 874 2687 Quodsi
901 2645 1094 2694 suppletur
1121 2644 1257 2691 ἐστίν,
1283 2645 1348 2696 (ut
1377 2646 1468 2687 Oed.
1488 2646 1570 2687 Col.
1599 2646 1676 2687 208
1703 2648 1938 2693 ἀπόπτολις
1965 2662 2017 2687 sc.
2046 2648 2152 2699 εἰμί)
2180 2652 2402 2701 significatio
2430 2655 2518 2691 erit:

366 2713 516 2752 civitate
543 2713 739 2761 indiguus3
766 2714 831 2751 sed
850 2714 947 2759 licet,
975 2716 1171 2765 participio
1197 2716 1406 2766 γενόμενος
1433 2720 1625 2768 suppleto,
1653 2719 1739 2755 haec
1766 2720 1986 2769 coniungere
2013 2731 2093 2757 cum
2123 2721 2234 2759 verbo
2263 2720 2440 2769 γένοιτο,
2471 2724 2519 2761 ita

368 2786 514 2834 quidem
545 2791 583 2822 ut
611 2784 735 2822 omnia
762 2785 800 2823 in
828 2796 942 2823 unum
970 2787 1195 2825 enuntiatum
1229 2789 1447 2826 coalescant.
1509 2789 1613 2826 Malo
1651 2795 1769 2826 tamen
1797 2791 1843 2827 ob
1871 2792 1966 2828 alios
1996 2793 2097 2829 locos
2133 2791 2373 2837 simillimos,
2409 2804 2521 2841 sepa-

368 2855 477 2891 ratim
506 2854 717 2901 adiunctos,
745 2866 938 2903 separare,
970 2862 1009 2893 ut
1037 2857 1249 2907 plerumque
1276 2859 1336 2905 fit,
1365 2859 1477 2896 verba
1504 2857 1594 2906 μήτ’
1621 2857 1711 2906 ἐμοὶ
1738 2867 1771 2896 et
1793 2872 1882 2909 quae
1909 2868 1997 2898 sunt
2024 2861 2186 2909 reliqua,
2216 2862 2260 2898 ab
2289 2861 2388 2899 hisce
2415 2870 2521 2912 atque

368 2925 562 2972 supplere:
602 2923 660 2968 εἴη
687 2936 719 2963 s.
747 2923 910 2974 γένοιτο
939 2926 1063 2975 (velut
1091 2927 1223 2977 Eurip.
1253 2929 1351 2966 Med.
1382 2929 1457 2967 643
1486 2929 1536 2978 μὴ
1565 2929 1653 2972 δῆτ’
1687 2929 1834 2975 ἄπολις
1862 2930 2086 2981 γενοίμαν).
2142 2933 2253 2970 Tales
2289 2939 2373 2969 sunt
2410 2933 2522 2981 Sopln.

371 2994 510 3032 Electr·
530 2994 616 3032 239.
635 2995 724 3034 240.
754 2992 845 3042 μήτ’
873 2996 955 3039 εἴην
985 2996 1146 3046 ἔντιμος
1174 2999 1364 3043 τούτοις,
1395 3000 1484 3047 μήτ’
1509 3001 1543 3034 εἴ
1561 3012 1612 3047 τῳ
1640 3000 1875 3049 πρόςκειμαι
1904 3004 2052 3051 χρητῷ,
2090 3001 2317 3049 ξυνναίοιμ’
2345 3001 2522 3047 εὔκηλος.

1458 3144 1487 3160 0·
