2723 3438
810 411 847 450 6.
917 413 1037 452 Homo
1065 414 1246 465 sagacior.

811 480 847 520 7.
913 483 1048 523 Domat
1074 485 1172 524 dolis
1200 485 1370 536 ferasque
1395 491 1578 536 agrestes,

809 551 847 590 8.
914 554 1151 604 Montivagas
1178 561 1214 593 et
1240 567 1371 605 equum
1397 556 1494 603 sibi,
1522 567 1627 605 quem
1657 557 1741 605 iuga

810 622 846 660 9.
911 622 1019 661 Colla
1044 624 1247 672 prementia
1273 626 1349 670 sint
1373 609 1566 674 habitura,
1593 626 1760 664 iubatum

786 691 848 731 10.
915 692 1161 743 Ferreumque
1187 698 1346 733 taurum.

991 834 993 837 y
1192 791 1220 831 S
1237 796 1250 830 t
1265 804 1284 830 r
1298 805 1319 831 o
1335 805 1357 842 p
1372 792 1393 831 h
1408 805 1429 832 a
1465 793 1515 833 11.

812 859 848 898 1.
920 855 1039 911 Atque
1065 862 1249 911 eloq'uium
1278 863 1426 910 didicit,

809 932 848 970 2.
923 931 1015 969 Vias
1042 932 1075 969 is
1101 938 1137 970 et
1163 933 1284 971 aerias

809 1000 847 1039 3.
913 1001 1072 1050 Mentis,
1100 1002 1233 1054 quibus
1259 1003 1396 1053 oppida
1421 1008 1523 1043 curet
1550 1009 1667 1052 artes,

809 1071 847 1111 4.
914 1073 960 1110 Et
987 1074 1162 1113 imbrium
1190 1075 1261 1113 tela
1288 1076 1357 1113 snb

809 1142 846 1181 5.
913 1143 1008 1182 Jove
1033 1148 1069 1182 et
1094 1144 1247 1193 pruinae
1273 1144 1369 1194 fugit

811 1211 849 1250 6.
915 1213 1129 1261 Pergravia.

809 1280 848 1320 7.
914 1271 1078 1328 Sollers,
1103 1282 1201 1320 iners
1229 1281 1305 1320 adit
1330 1282 1423 1320 nihil
1450 1282 1595 1321 futura:

807 1350 848 1390 8.
914 1351 1050 1390 Ditis
1081 1357 1201 1390 tamen

809 1421 843 1460 9.
909 1422 993 1460 Non
1021 1422 1144 1472 fugam
1172 1423 1337 1472 parabit,
1369 1428 1427 1461 ast
1453 1422 1728 1472 inexplicabilis
1757 1422 1859 1472 rugat

788 1492 846 1531 10.
914 1492 1004 1530 Arte
1032 1493 1195 1531 morbos.

1133 1591 1501 1639 Antistropha
1538 1590 1587 1628 ll.

811 1661 854 1712 l..
918 1660 998 1699 Hae
1024 1659 1214 1711 praeditus
1243 1659 1382 1710 ingenii

808 1732 846 1771 2.
914 1731 1042 1769 Fidem
1070 1742 1182 1780 super
1209 1730 1362 1769 artificis
1662 1735 1738 1751 νβ’·

807 1800 844 1838 3.
909 1800 1087 1851 Sollertia
1116 1800 1190 1837 adit
1216 1800 1326 1838 modo
1351 1800 1448 1849 quod
1475 1800 1630 1845 malum,
1657 1818 1705 1825 —
1735 1809 1830 1835 nunc

810 1870 848 1907 4.
914 1870 1056 1908 Bonum
1082 1890 1152 1916 -‚
1179 1870 1278 1919 leges
1306 1869 1492 1916 inserens,

813 1940 850 1978 5.
916 1938 1036 1977 Dedm
1063 1946 1316 1991 sacratumque
1341 1939 1410 1977 fas.

808 2009 845 2048 6.
912 2010 1065 2048 Summo
1091 2010 1197 2047 abeat

807 2080 846 2119 7.
910 2079 1059 2119 Honori
1088 2080 1227 2127 honor,
1253 2079 1431 2129 probrum
1458 2083 1498 2117 ut
1523 2077 1614 2116 viris
1640 2076 1831 2122 adhaeret,

806 2151 844 2190 8.
909 2150 1136 2189 Audaciam»

809 2222 846 2261 9.
914 2223 1091 2271 Propter,
1120 2226 1156 2259 et
1177 2221 1277 2259 focis
1302 2220 1431 2270 procul
1456 2219 1528 2258 siet
1553 2217 1836 2267 sodalitateque,
1873 2217 1958 2255 haec

787 2294 847 2332 10.
913 2292 984 2331 Cui
1010 2296 1214 2341 patrantur.

1241 2387 1273 2422 E
1290 2398 1313 2433 p
1327 2398 1349 2422 o
1363 2386 1385 2421 d
1399 2397 1421 2421 o
1435 2396 1467 2421 Β.

913 2459 970 2497 En
999 2462 1163 2496 monstra
1191 2451 1330 2493 Defimi
1362 2458 1505 2503 stupet,
1533 2453 1656 2491 haeret
1679 2464 1800 2498 mens,

915 2528 1012 2574 Quid
1039 2539 1106 2578 ego
1133 2530 1260 2566 contra
1286 2535 1392 2575 qnam
1419 2523 1498 2562 scio
1525 2523 1663 2569 dicam,

913 2599 1010 2644 Quin
1037 2597 1175 2636 isthaec
1200 2596 1251 2633 sit
1278 2594 1384 2645 virgo
1410 2593 1605 2644 Antigone.

913 2670 1047 2708 Infelix
1073 2669 1163 2715 heu,

912 2742 1032 2792 Atque
1058 2738 1203 2778 infelice
1228 2742 1306 2778 sata
1334 2731 1542 2786 Oedipoda!

917 2811 1014 2855 Quid
1041 2810 1214 2848 tandem?
1248 2808 1460 2858 ecquidnam
1487 2811 1522 2844 te
1546 2804 1661 2854 regiis

914 2881 1043 2920 Jussis
1068 2892 1142 2920 non
1169 2879 1391 2930 morigeram
1414 2877 1573 2925 ducunt,

910 2952 1158 3001 Prensamque
1183 2954 1345 2989 amenter
1370 2947 1564 2998 agentem?

806 2461 850 2991 Ψθφφὲῧὲθέθτ*
