2815 3398
346 373 431 423 quis
466 373 642 411 Amorem
681 374 800 413 veluti
840 373 878 413 in
914 384 1090 425 genarum
1119 372 1262 412 lacunis
1297 372 1364 424 (ἐν
1391 370 1647 423 γελασίνοις)
1687 372 1925 411 excubantem
1962 383 2004 411 ae
2039 370 2242 411 latitantem
2269 371 2500 419 cogitaverit.

347 442 455 486 Quod
482 443 615 480 scribit
641 444 742 482 Plut.
773 445 811 482 in
838 445 1005 482 Amator.
1031 453 1063 480 c.
1092 441 1154 480 1⁷.
1195 441 1341 479 σκόπει
1365 442 1508 480 τοίνυν
1535 438 1678 487 αὖθις,
1718 446 1805 486 τοῖς
1840 439 2039 492 ἀρηΐοις
2079 438 2205 492 ἔργοις
2245 440 2345 479 ὅσον
2376 436 2502 487 Ἔρως

345 512 578 563 περίεστιν,
613 515 686 549 οὐκ
715 514 832 562 ἀργὸς
858 513 935 556 ὢν,
963 514 1012 555 ὡς
1030 512 1253 560 Εὐριπίδης
1275 510 1430 560 ἔλεγεν,
1458 509 1572 545 οὐδὲ
1600 509 1989 559 ἀστράτευτος,
2017 511 2104 547 οὐδ’
2130 512 2197 548 Ἐν
2217 510 2502 559 μαλακαῖσιν

346 582 570 633 ἐννυχεύων
596 589 783 634 παρειαῖς
811 580 1050 627 νεανίδων,
1080 581 1205 620 verbis
1233 581 1292 618 his
1319 579 1536 629 Sophocleis
1564 591 1676 626 usuc,
1703 579 1842 630 accepit
1868 591 1911 618 ea
1936 580 2082 631 quidem
2111 587 2150 619 ut
2179 581 2251 631 ipsi
2269 580 2499 619 commodum

344 658 446 702 erat,
471 654 538 693 sed
565 667 638 694 non
665 658 785 704 potest
811 653 993 700 dubitari,
1021 653 1110 703 quin
1137 652 1261 690 verbis
1288 650 1372 687 οὐδ’
1399 649 1685 702 ἀστράτευτος
1724 650 1776 700 (i.
1812 663 1845 689 e.
1881 652 2192 689 bellicosissimus
2228 658 2262 688 et
2298 653 2501 702 pugnacis—

344 723 489 774 simus)
518 735 660 763 versum
688 723 910 771 secundum,
937 723 1050 761 sicuti
1078 722 1200 761 verbis
1226 727 1315 766 τοῖς
1342 719 1496 771 ἀρηίοις
1530 719 1660 772 ἔργοις
1687 719 1872 771 περίεστι
1907 732 2054 759 versum
2083 721 2243 770 primum
2271 722 2500 771 respexerit,

344 805 457 843 quum
484 794 631 832 tertium
658 800 694 832 et
720 800 893 843 quartum
921 795 1086 839 afferret,
1114 794 1304 830 dumtaxat
1329 794 1486 830 adversa
1511 803 1602 843 quae
1636 798 1723 829 sunt
1750 803 1879 830 versus
1903 792 1942 830 2.
1970 797 2006 829 et
2030 789 2067 830 3.
2103 790 2273 829 universe
2307 789 2501 841 significa-

345 865 451 904 verit.
504 864 687 910 Quocirca
712 877 788 905 non
815 872 956 914 metuo,
983 877 1029 904 ne
1056 876 1135 904 mea
1163 864 1252 904 haec
1286 863 1489 903 sententiae
1522 863 1733 912 explanatio
1769 863 1847 901 illis
1882 864 2006 901 verbis
2042 861 2267 907 infirmetur,
2304 862 2380 900 imo
2413 864 2500 911 quin

342 934 592 975 confirmetur.
648 935 821 975 Ceterum
850 936 917 976 cfr.
944 937 1056 975 etiam
1083 935 1239 974 Anthol.
1266 935 1298 973 1.
1327 935 1390 972 55.
1419 955 1467 962 —

495 1017 576 1046 vu.
603 1005 644 1045 ὅ.
672 1006 714 1045 6.
743 1007 787 1045 7.
833 1006 913 1045 Iam
940 1017 1054 1057 quum
1082 1006 1239 1044 dixisset
1265 1010 1391 1055 poeta}
1435 1003 1560 1053 Ἔρως
1593 1003 1756 1048 πάντας
1792 1003 2061 1054 δουλαγωγεῖ,
2104 999 2186 1053 ὅτῳ
2227 999 2280 1041 οἷν
2320 1002 2499 1052 ἐμπίπτῃ

340 1075 411 1112 καὶ
438 1076 649 1125 μάχηται,
678 1077 813 1115 transit
838 1077 883 1114 ad
910 1077 1064 1115 alteram
1091 1076 1294 1114 sententiae
1321 1080 1460 1125 partem
1489 1075 1637 1124 (verbis
1665 1078 1818 1124 φοιτᾷς
1848 1073 1890 1110 δὲ
1918 1074 1974 1122 c.)
2004 1075 2154 1112 hancce:
2195 1072 2389 1118 Οὐδένες,
2417 1063 2500 1109 οὔδ’

339 1146 378 1183 οἱ
405 1145 642 1193 ἀθάνατοι,
680 1147 776 1196 μήτι
802 1160 844 1197 γε
873 1146 920 1191 δὴ
949 1147 989 1183 οἱ
1029 1144 1269 1195 ἄνθρωποι,
1310 1144 1517 1197 (ἁμέριοι)
1557 1145 1702 1188 θνητοὶ
1741 1145 1811 1181 καὶ
1852 1145 2042 1189 ἀσθενεῖς
2082 1144 2331 1195 πεφυκότες,
2374 1137 2501 1182 οἷοίτε

338 1216 545 1268 ἐκφεύγειν
572 1217 704 1256 αὐτὸν
732 1215 756 1262 ἢ
782 1216 1127 1269 ἀποδιδράσκειν,
1157 1216 1264 1254 ὅπου
1292 1215 1344 1254 ἄν
1371 1214 1492 1260 ὦσιν,
1528 1214 1550 1259 ἤ
1579 1213 1679 1252 ὅποι
1705 1212 1758 1253 ἄν
1785 1215 2014 1266 φεύγωσιν,
2051 1214 2170 1253 ἐάντε
2197 1215 2308 1251 κατὰ
2335 1212 2501 1251 θάλατ-

339 1299 423 1325 ταν
451 1286 523 1326 ἐάν
549 1301 596 1325 τε
624 1287 731 1324 κατὰ
757 1291 843 1338 γῆν.
873 1308 921 1315 -—
961 1287 1058 1327 Bene
1085 1291 1325 1336 componetur
1352 1297 1435 1325 cum
1463 1285 1522 1324 liis
1549 1285 1678 1336 Eurip.
1711 1285 1868 1336 Hippoi.
1896 1298 1933 1325 v.
1963 1284 2077 1326 1262.
2105 1283 2297 1323 ποτᾶται
2323 1283 2501 1336 (Ἔρως)

339 1355 376 1394 δ’
402 1359 470 1395 ἐπὶ
507 1365 658 1408 γαῖαν,
699 1358 907 1408 εὐάχητόν
946 1357 987 1394 2'
1027 1357 1211 1408 ἁλμυρὸν
1247 1357 1312 1394 ἐπὶ
1349 1356 1522 1394 πόντον.
1550 1376 1600 1384 -
1640 1356 1829 1407 φοιτᾷς
1868 1354 1920 1392 δὲ
1950 1376 1997 1384 -
2035 1349 2121 1392 aiat
2168 1368 2223 1393 σε
2263 1357 2288 1396 i.
2317 1368 2353 1407 q.
2388 1355 2429 1401 ὂς
2456 1355 2499 1393 δὲ

335 1431 515 1477 φοιτᾷς,
562 1429 632 1465 καὶ
671 1428 720 1466 ὃν
759 1429 930 1479 φύξιμος
958 1428 1114 1473 οὐδείς,
1151 1440 1268 1478 genus
1294 1428 1439 1465 dicendi
1465 1427 1559 1465 satis
1589 1426 1761 1476 frequens
1800 1426 1860 1476 (ν.
1885 1424 1993 1474 814.,
2035 1425 2303 1475 1115-26.)
2365 1427 2500 1465 Totius

337 1497 455 1548 igitur
481 1498 683 1538 sententiae
709 1498 948 1545 informatio,
986 1499 1089 1536 brevi
1116 1498 1419 1547 circumscripta,
1456 1498 1542 1535 haec
1568 1503 1646 1535 est:
1699 1495 1751 1532 Σὲ
1778 1502 1896 1546 φωνῶ
1914 1495 2039 1546 Ἔρως
2066 1495 2233 1538 ἀνίκητε
2262 1496 2421 1546 μάχην,
2459 1497 2499 1533 ἐν

338 1567 523 1617 κτήμασι
550 1567 622 1618 μὲν
649 1568 840 1616 πίπτων,
868 1567 908 1613 ἐξ
936 1567 992 1607 ὧν
1020 1567 1246 1618 ἐννυχεύεις
1284 1572 1462 1619 παρειῶν
1490 1566 1698 1611 νεάνιδος,
1738 1570 1894 1618 φοιτῶν
1921 1565 1964 1603 δὲ
2003 1564 2104 1614 ὑπὲρ
2143 1566 2302 1605 πόντον
2339 1588 2390 1595 —
2432 1568 2501 1603 καὶ

340 1638 502 1689 ἄφυκτε
530 1638 600 1674 καὶ
626 1638 881 1688 ὰδιάδραστε
908 1637 1078 1675 πάντων
1105 1636 1176 1674 καὶ
1203 1637 1308 1676 θεῶν
1334 1636 1407 1673 καὶ
1439 1635 1618 1680 θνητῶν.
1682 1636 1839 1687 Singula
1872 1636 2041 1686 persequi
2082 1641 2117 1675 et
2157 1636 2266 1676 huius
2306 1638 2424 1687 partis
2463 1644 2500 1677 et

336 1708 592 1757 antistrophae
631 1710 704 1746 iam
745 1721 819 1746 non
857 1714 915 1746 est
951 1715 1105 1756 propter
1148 1709 1328 1756 temporis
1365 1707 1556 1756 angustias
1595 1717 1821 1744 concessum.
1885 1707 2049 1744 Paucula
2092 1712 2213 1745 tamen
2257 1708 2497 1758 adspergam:

339 1776 567 1828 φύξιμος
603 1778 630 1817 i.
657 1790 692 1828 q.
720 1776 934 1827 φεύξιμος,
960 1789 1035 1816 non
1063 1778 1172 1815 modo
1201 1778 1279 1826 qui
1305 1777 1516 1826 aufugit,
1543 1776 1776 1825 aufugere
1802 1782 1963 1825 potest
1989 1777 2150 1826 (Matth.
2174 1776 2215 1828 S.
2245 1777 2334 1816 109.
2360 1778 2498 1827 ΧΙΙ.),

333 1852 373 1884 ut
399 1847 436 1884 h.
463 1849 511 1893 l..
539 1848 604 1885 sed
632 1847 742 1885 etiam
770 1853 809 1884 ut
835 1847 934 1885 Plut.
960 1846 1051 1895 περὶ
1078 1846 1297 1892 δεισιδαιμ.
1333 1859 1370 1895 p.
1399 1845 1488 1884 166.
1529 1845 1722 1896 φεύξιμος
1752 1846 1905 1894 βωμός,
1940 1858 2027 1894 ara,
2062 1859 2151 1896 quo
2186 1847 2496 1896 confugiunt,

336 1915 432 1953 unde
457 1915 501 1951 τὸ
529 1915 707 1964 φύξιμον
735 1917 762 1954 ἰ.
788 1928 823 1964 q.
855 1915 1029 1953 ἄσυλον·
1065 1917 1162 1953 Pon.
1189 1916 1221 1953 1.
1251 1916 1301 1954 10
1340 1916 1376 1950 εἰ
1402 1914 1446 1952 δὲ
1472 1914 1542 1950 καὶ
1569 1914 1727 1951 ἄσυλόν
1752 1929 1797 1951 τι
1823 1915 1906 1960 εἴη,
1946 1920 2078 1951 τοῦτο
2112 1915 2182 1952 καὶ
2217 1917 2496 1967 κρησφύγετον

335 1985 424 2035 λέγε
451 1985 522 2021 καὶ
550 1985 770 2038 φύξιμον,
798 1985 954 2036 denique
980 1996 1111 2035 quem
1138 1984 1404 2034 effugiunt,
1438 1990 1479 2023 ut
1504 1983 1681 2044 <poenites
1704 1983 1819 2033 ὀδμή.
1855 1984 1957 2034 (vid.
1982 1984 2091 2035 Erf.)
2126 1986 2235 2025 Recte
2261 1987 2391 2036 Poppo
2424 1987 2496 2037 (ad

334 2055 525 2104 Thucyd.)
550 2055 764 2094 ohservavit
790 2055 974 2094 eiusmodi
1008 2055 1277 2094 adiectivornm
1316 2065 1444 2102 usum,
1485 2066 1576 2106 quae
1610 2066 1685 2094 non
1719 2054 1794 2094 nisi
1829 2065 1913 2094 cum
1948 2056 2062 2095 verbo
2096 2056 2333 2097 substantivo
2370 2057 2495 2097 iuncta

331 2137 413 2164 cum
449 2125 661 2165 accusativo
696 2131 986 2165 construuntur:
1028 2125 1200 2177 φύξιμος
1235 2137 1289 2165 sc.
1326 2124 1443 2163 ἐστίν
1478 2126 1504 2165 ἰ.
1530 2139 1565 2177 q.
1599 2125 1749 2176 φεύγει.
1776 2146 1826 2155 -
1866 2126 2086 2178 ἁμερίων
2125 2127 2198 2166 vid.
2229 2127 2408 2168 Valcken.
2447 2129 2495 2167 ad

330 2197 464 2246 Eur-ip.
481 2198 620 2236 Phoen.
639 2197 753 2235 1515.
777 2197 875 2235 cito
903 2202 1184 2245 pereuntes,
1214 2197 1384 2234 breves
1410 2196 1525 2246 (Aias
1544 2195 1660 2247 398.)
1678 2197 1706 2235 i.
1729 2209 1762 2236 e.
1782 2197 2005 2248 ἐφημέριοι.
2022 2216 2075 2227 -·
2100 2198 2169 2235 ἐπ’
2196 2197 2493 2249 ἀνθρώπων.

331 2272 429 2306 recte
455 2267 638 2306 Ellendaz
673 2278 747 2305 nou
773 2267 937 2306 abundat
963 2266 1051 2312 ἐπί,
1089 2267 1229 2317 inquit,
1265 2267 1328 2306 sed
1357 2267 1609 2318 significatur:
1649 2274 1851 2318 „quantum
1886 2269 2075 2308 hominum
2104 2281 2221 2319 genus
2247 2275 2491 2319 propagatum

330 2336 584 2376 extenditur.“
636 2337 785 2375 Accedit
812 2337 865 2375 ita
890 2336 1076 2387 genitivus
1115 2337 1161 2375 ad
1196 2337 1398 2377 accusativi
1433 2337 1731 2377 informationem
1766 2350 1868 2387 eam,
1903 2350 1974 2389 qua
2009 2340 2207 2378 universus
2242 2338 2296 2378 rei
2332 2340 2492 2378 ambitus

332 2408 575 2458 exprimitur,
618 2413 658 2446 nt
691 2407 800 2446 Hom.
829 2408 882 2446 Ji.
909 2406 944 2443 κ’
969 2406 1047 2447 213
1083 2407 1183 2458 μέγα
1218 2408 1332 2452 κλέος
1371 2407 1577 2452 πάντας
1619 2407 1680 2444 ἐπ’
1706 2408 1965 2459 ἀνθρώπους.
1992 2410 2020 2446 ὠ
2048 2409 2137 2448 535.
2193 2410 2327 2459 Signif.
2355 2410 2490 2459 igitur:

331 2490 420 2527 per
451 2489 613 2517 omnes
640 2477 828 2523 homines,
864 2479 1067 2517 omnium
1095 2479 1300 2518 hominum.
1355 2477 1464 2517 Coni.
1490 2476 1562 2514 διὰ
1588 2489 1618 2516 e.
1646 2478 1760 2528 genit.
1796 2479 1905 2518 Pind.
1939 2478 2069 2519 Isthm.
2097 2479 2142 2525 4,
2180 2477 2243 2518 64.
2276 2483 2311 2517 et
2344 2491 2376 2518 c.
2414 2491 2491 2518 acc.

334 2546 426 2587 om.
455 2548 546 2599 neg.
572 2559 608 2586 v.
636 2545 727 2586 866.
780 2547 869 2587 vid.
896 2548 1006 2588 enam
1032 2549 1174 2590 Novius
1201 2536 1322 2589 adssh.
1350 2550 1375 2588 1.
1414 2548 1550 2587 Parum
1578 2554 1675 2587 recte
1708 2555 1743 2587 ιι
1768 2549 1914 2588 imus.
1950 2549 1995 2586 aa
2031 2549 2116 2587 nei.
2154 2548 2284 2598 Epigr.
2320 2563 2357 2599 p.
2392 2549 2489 2597 238,

331 2622 367 2654 et
401 2618 536 2656 Matth.
571 2618 609 2656 in
645 2617 814 2655 Gramm.
848 2616 887 2668 S.
927 2617 1016 2657 584.
1052 2619 1092 2656 2.
1127 2631 1161 2657 a.
1199 2633 1239 2659 α.
1278 2626 1313 2658 et
1350 2620 1480 2659 Herm.
1521 2619 1558 2658 in
1598 2619 1753 2669 praefat.
1798 2630 1880 2669 pag.
1922 2618 2129 2667 xxvu1.‚
2170 2631 2326 2670 quorum
2366 2621 2488 2670 primo

332 2687 519 2725 abundare
544 2687 794 2736 praepositio,
823 2689 931 2725 alteri
957 2689 1104 2734 inter,
1132 2690 1242 2727 tertio
1271 2690 1316 2727 in
1343 2696 1500 2727 aetate
1535 2689 1745 2738 siguificare
1773 2689 1852 2726 visa
1879 2695 1946 2727 est.
1976 2710 2024 2718 -

486 2756 651 2796 Antistr.
677 2769 757 2797 cu.
784 2756 832 2795 2.
859 2755 904 2797 3.
931 2757 972 2796 4.
1025 2759 1272 2810 παρασπᾷς,
1314 2760 1455 2799 scilicet
1482 2758 1553 2796 διὰ
1579 2756 1656 2803 τὴν
1684 2758 1873 2809 ἐρωτικὴν
1909 2759 2063 2810 μανίαν
2102 2760 2282 2811 (Lucian.
2310 2760 2377 2799 dea
2403 2760 2489 2811 Syr.

332 2840 364 2866 c.
392 2827 468 2877 21)
493 2849 543 2857 —
569 2827 708 2886 fortius
735 2839 843 2877 quam
873 2827 1161 2866 usitatissimum
1190 2831 1281 2868 illud
1309 2830 1507 2880 παράγεις
1541 2829 1602 2878 (v.
1630 2828 1743 2878 294).
1770 2852 1818 2859 -
1858 2830 1967 2870 Conf.
1996 2832 2128 2880 Eurip.
2164 2831 2263 2870 Med.
2297 2830 2374 2870 624
2408 2843 2487 2878 ss.,

330 2899 457 2937 Senec.
475 2898 631 2948 Hippol.
657 2896 751 2937 178:
788 2899 923 2946 „furor
949 2899 1050 2950 cogit
1076 2900 1180 2949 sequi
1208 2900 1353 2948 peiora:
1383 2900 1482 2938 vadit
1508 2899 1654 2937 animus
1678 2900 1715 2938 in
1743 2914 1916 2952 praeceps
1942 2903 2087 2948 sciens,
2115 2908 2320 2952 remeatque
2345 2902 2488 2940 frustra

331 2979 423 3005 sana
450 2968 608 3006 consilia
633 2974 809 3016 appetens
836 2975 872 3006 et
898 2982 931 3019 q.
958 2971 1020 3007 s.“
1047 2991 1095 2998 —
1141 2968 1226 3006 ε’πὶ
1260 2969 1396 3020 λώβᾳ
1430 2982 1505 3008 non
1531 2970 1613 3008 sine
1639 2971 1714 3009 labi
1749 2971 1848 3022 (abl.
1877 2984 1946 3022 pro
1973 2972 2055 3013 labe
2081 2972 2219 3023 Lucr.)
2256 2973 2282 3012 i.
2309 2984 2341 3010 e.
2381 2970 2487 3009 ὥστε

327 3037 460 3089 λώβην
492 3036 598 3074 εἶναι
631 3038 763 3088 Eurip.
798 3040 889 3078 Hcc.
927 3039 1016 3079 64⁷.
1055 3042 1117 3077 ἐπ’
1151 3041 1254 3090 ἐμῶν
1291 3040 1507 3091 μελάθρων
1542 3041 1665 3091 λώβᾳ.
1703 3042 1757 3080 Jl.
1783 3042 1830 3091 γ’.
1857 3042 1921 3081 42.
1948 3063 1997 3071 —
2037 3042 2096 3078 σὺ
2125 3041 2209 3077 καὶ
2236 3062 2283 3069 -
2312 3041 2372 3078 σὺ
2400 3042 2488 3080 καί
