2815 3398
864 404 902 442 4,
970 401 1100 438 εἰδότι
1126 402 1160 437 δ’
1188 403 1304 441 οὐδὲν
1333 403 1444 454 ἕρπει

865 473 901 510 5,
972 471 1070 519 πρὶν
1098 473 1198 521 πυρὶ
1226 475 1360 524 θερμῷ
1386 473 1495 510 πόδα
1522 486 1585 516 τις
1612 472 1796 521 προςαῦ·

864 541 901 581 6.
970 554 1034 591 σῃ.
1076 541 1208 592 σοφίᾳ
1235 543 1311 592 γὰρ
1340 540 1382 578 ἔκ
1409 557 1487 578 του

861 611 899 650 7.
969 610 1127 649 κλεινὸν
1155 610 1251 656 ἔπος
1278 612 1516 664 πέφανται,

860 680 897 718 8.
962 680 1012 717 τὸ
1040 682 1167 720 κακὸν
1196 682 1330 721 δοκεῖν
1357 682 1453 720 ποτ’
1478 683 1631 722 ἐσθλὸν
1674 717 1682 724 .

861 752 897 791 9.
964 754 1060 802 τῷδ’
1087 753 1228 803 ἔμμεν,
1258 754 1341 804 ὅτῳ
1369 755 1521 806 φρένας

836 823 897 863 10.
963 825 1054 869 θεὸς
1081 823 1170 874 ἄγει
1197 825 1296 876 πρὸς
1324 824 1445 866 ἄταν.

835 894 895 932 ll.
963 893 1140 943 πράσσει
1166 895 1200 932 δ’
1228 896 1447 950 ὀλιγοστὸν
1474 897 1623 948 χρόνον
1652 896 1765 941 ἐκτὸς
1796 894 1917 939 ἄτας.

1318 1018 1334 1052 ἐ
1350 1031 1381 1053 π
1396 1032 1424 1065 ῳ
1440 1018 1463 1052 δ
1479 1017 1500 1052 ό
1515 1032 1547 1060 ς.

956 1093 1022 1131 ὅδε
1052 1095 1125 1144 μὴν
1154 1093 1310 1144 Αἵμων,
1338 1097 1497 1134 armoenia·
1525 1096 1599 1132 τῶν
1628 1101 1712 1133 σῶν

960 1164 1110 1203 νέατον
1139 1166 1310 1214 γέννημ’.
1339 1165 1399 1215 ἄρ’
1428 1166 1653 1216 ἀχνύμενος

855 1095 890 1132 1.

854 1165 892 1203 2.

854 1233 892 1271 3.
959 1241 1031 1279 τῆς
1060 1235 1320 1284 μελλογάμου

852 1303 890 1341 4.
956 1303 1126 1348 τάλιδος
1153 1303 1236 1348 ἥκει
1263 1305 1388 1355 μόρον
1416 1305 1668 1356 Ἀντιγόνης,

850 1373 886 1412 5.

954 1374 1122 1418 ἀπάτας
1150 1377 1299 1424 λεχέων
1325 1377 1586 1425 ὑπεραλγῶν,-

342 1624 540 1663 BREVES
566 1625 755 1664 NOTAE.

493 1727 647 1776 Seropla.
677 1728 715 1764 I·
744 1739 778 1766 v.
805 1729 841 1765 1.
897 1728 1003 1763 κακὰ
1031 1742 1207 1780 quaenam
1235 1731 1311 1768 sint
1337 1732 1595 1781 intelligenda,
1632 1732 1781 1781 planum
1817 1730 1856 1769 fit
1884 1740 1995 1782 quum
2024 1742 2068 1769 ex
2095 1730 2180 1769 aliis
2209 1730 2318 1769 rebus
2347 1735 2423 1769 tum
2452 1742 2496 1769 ex

337 1807 381 1834 eo
409 1796 506 1845 quod
536 1797 707 1836 versibus
735 1799 972 1847 sequentibus
1000 1801 1148 1838 dicitur.
1202 1802 1342 1849 Nempe
1368 1806 1475 1848 sunt,
1503 1807 1543 1838 ut
1568 1801 1666 1839 dicto
1694 1802 1849 1839 Homeri
1879 1800 2041 1849 (Odyss.
2069 1799 2096 1835 ά
2123 1800 2197 1850 34)
2228 1806 2323 1848 utar,
2351 1799 2494 1849 ἄλγεα,

339 1863 409 1902 οἶα
445 1865 661 1917 ἄνθρωποι
697 1868 821 1905 αὐτοὶ
857 1870 1012 1922 σφῇσιν
1048 1871 1363 1921 ἀτασθαλίῃσιν
1398 1874 1626 1922 ὑπέρμορον
1663 1870 1853 1921 ἔχουσιν,
1903 1872 2153 1917 calamitates,
2198 1881 2288 1919 quas
2329 1870 2496 1908 homines

338 1936 413 1986 ipsi
440 1937 516 1976 sibi
543 1939 740 1977 conciliant
768 1939 901 1978 nefarii
930 1942 988 1979 vel
1022 1941 1129 1980 stulti
1165 1942 1343 1981 facinoris
1378 1944 1505 1992 culpa,
1543 1943 1648 1978 κακὰ
1683 1942 1738 1977 τὰ
1768 1941 1807 1985 ἐξ
1835 1940 1937 1985 ἄτης
1965 1942 2021 1979 vel
2051 1941 2210 1984 ἀπάτης
2248 1940 2369 1985 θεοῦ,
2406 1952 2497 1990 quae

339 2008 449 2045 etiam
477 2009 580 2056 ipsae
607 2009 709 2045 ἆται
744 2010 984 2050 nominantur
1017 2011 1075 2062 (v.
1103 2011 1167 2062 2).
1217 2010 1319 2055 Ἀτη
1356 2012 1553 2059 nimirum,
1587 2012 1692 2050 cuius
1718 2011 1863 2062 quidem
1888 2011 1973 2050 fons
2000 2016 2036 2050 et
2062 2011 2285 2061 principium
2322 2022 2496 2060 perversa

339 2077 530 2115 bominum
557 2092 643 2127 spes
671 2087 726 2117 est
753 2081 926 2128 (antistr.
955 2082 1049 2130 IL),
1077 2083 1156 2119 deis
1184 2083 1380 2128 tribuitur,
1408 2094 1480 2119 non
1501 2082 1587 2118 item
1615 2082 1682 2118 hae
1709 2081 1935 2118 calamitates
1963 2081 2065 2130 ipsae
2091 2079 2253 2130 (Odyss.
2274 2081 2314 2121 ά.
2334 2080 2494 2132 33.).-

339 2145 605 2197 ἄγευστος.
634 2150 701 2190 cfr.
721 2150 838 2191 Jliad.
859 2149 886 2188 ὠ
907 2163 1005 2192 vers.
1025 2150 1276 2200 526-5383
1306 2152 1428 2190 ὰιὼν
1455 2153 1499 2191 de
1526 2153 1623 2190 vitae
1651 2153 1891 2201 perpetuitate
1918 2152 2196 2201 intelligendum
2222 2158 2290 2190 est.
2311 2173 2359 2179 —-
2387 2153 2494 2189 Sent:

338 2218 573 2265 εὐδαίμονες
602 2220 687 2256 οἶσι
715 2221 805 2266 θεὸς
835 2221 997 2261 ἄνατον
1025 2227 1158 2261 κακῶν
1186 2223 1302 2273 (Oed.
1331 2222 1413 2263 Col.
1443 2236 1477 2261 v·
1504 2220 1606 2271 786)
1636 2219 1772 2271 ἔγευσε
1800 2220 1877 2259 τὸν
1904 2221 2032 2258 αἰῶνα
2059 2221 2224 2272 (Herod.
2244 2221 2330 2260 Vll.
2347 2219 2495 2271 46).-

337 2288 511 2329 Caterum
539 2291 643 2329 licuit
671 2293 765 2330 bunc
793 2305 940 2331 versum
968 2299 1200 2332 convertere:
1241 2295 1392 2343 ‚,Felix‚
1425 2295 1485 2332 eui
1512 2306 1586 2333 non
1615 2294 1711 2331 mala
1738 2293 1944 2344 degustavit
1971 2294 2149 2341 aevum“‚
2185 2299 2220 2332 et
2246 2298 2385 2331 retenta
2411 2293 2493 2342 syl-

337 2362 420 2399 laba
450 2362 553 2401 brevi
582 2363 620 2400 in
648 2364 768 2411 primo
802 2365 995 2403 trochaeo:
1042 2366 1192 2413 „Felix,
1220 2367 1279 2404 cui
1308 2379 1382 2405 non
1410 2367 1507 2404 mala
1534 2365 1721 2414 contigere
1753 2365 1912 2411 vitam“,
1948 2365 2042 2403 illud
2070 2371 2189 2402 tamen
2216 2352 2313 2413 quod
2336 2363 2492 2412 scripsi,

336 2433 495 2480 praetuli
523 2433 633 2471 etiam
662 2439 855 2483 propterea
883 2436 978 2484 quod
1006 2436 1246 2485 „contingere
1274 2448 1450 2486 granum,
1479 2435 1660 2485 aquam“,
1687 2434 1761 2472 alia
1788 2434 1970 2473 eiusmodi
1997 2435 2136 2473 dicunt.

493 2515 573 2543 vas.
601 2504 636 2543 2
662 2509 701 2544 et
725 2504 769 2543 3.
819 2506 979 2545 θεόθεν.
1007 2519 1028 2543 a
1056 2508 1144 2554 deo,
1173 2508 1353 2545 divinitus
1393 2508 1419 2545 i.
1448 2519 1479 2544 e.
1526 2505 1675 2543 numine
1703 2504 1761 2541 dei
1795 2511 1830 2541 et
1865 2506 2099 2550 auctoritate,
2137 2510 2176 2541 ut
2209 2505 2340 2542 Aesch·
2366 2505 2490 2542 Perss.

339 2584 373 2611 v.
401 2572 488 2612 102.
518 2596 567 2602 —
609 2572 761 2613 οὐδὲν
797 2574 918 2620 ἄτας
955 2576 1129 2613 ἐλλείπει
1162 2590 1274 2627 quum
1302 2578 1398 2615 idem
1434 2577 1484 2615 Sit
1523 2575 1619 2625 quod
1657 2578 1776 2610 πᾶσα
1812 2573 1914 2620 ἄτη,
1958 2579 2044 2611 πᾶν
2085 2574 2209 2612 κακὸν
2251 2575 2491 2624 πρόςεστιν,

340 2644 462 2690 potuit
488 2646 591 2693 sequi
619 2644 755 2693 ἕρπον.
777 2667 824 2673 -
854 2640 933 2681 ἐπὶ
969 2648 1167 2690 πλῆθος
1204 2661 1239 2695 γ.
1268 2648 1292 2684 ἰ.
1321 2658 1353 2683 e.
1381 2645 1515 2692 πόῤῥω
1544 2649 1680 2692 γενεᾶς
1707 2644 1774 2678 καὶ
1803 2642 1869 2678 ἐπὶ
1905 2643 2098 2681 πλεῖστον
2131 2644 2322 2693 (Thucyd.
2350 2643 2380 2682 Ῑ.
2410 2642 2490 2692 L),

340 2723 426 2750 nam
454 2713 611 2759 πλῆθος
638 2717 748 2754 etiam
778 2717 956 2755 maiorem
983 2717 1174 2766 (Thucyd.
1196 2716 1226 2754 1.
1251 2716 1347 2765 125)
1377 2722 1412 2753 et
1439 2715 1636 2752 maximam
1666 2719 1803 2762 partem
1831 2714 2026 2764 significat.
2080 2715 2214 2752 Utrum
2239 2715 2359 2762 possit
2379 2725 2492 2763 usque

340 2784 387 2822 ad
414 2785 654 2835 expletam
681 2792 823 2836 gentem
854 2786 1084 2837 significare,
1118 2788 1285 2837 quamvis
1314 2793 1468 2837 cognata
1504 2787 1615 2824 verba
1651 2786 1688 2822 id
1723 2786 1917 2833 suadeant,
1952 2786 2092 2823 dubito.
2159 2786 2214 2821 De
2250 2785 2351 2829 loco,
2386 2795 2491 2833 quem

341 2853 556 2894 Wunderus
583 2857 752 2896 adhibuit
778 2869 821 2895 ex
848 2857 1007 2897 Philoct.
1030 2857 1089 2908 (v.
1117 2857 1252 2907 721),
1282 2858 1356 2898 vid.
1382 2857 1546 2897 Ellendt.
1575 2856 1613 2894 in
1638 2857 1708 2895 lex.
1735 2868 1768 2894 s.
1797 2869 1830 2896 v.
1859 2856 2031 2901 πλῆθος.

498 2939 534 2967 v.
560 2927 600 2966 ὅ.
656 2927 781 2977 οἶδμα
808 2929 990 2968 obiectum
1018 2935 1088 2968 est.
1149 2929 1237 2968 Vid.
1273 2928 1369 2966 idem
1397 2930 1487 2967 ibid.
1520 2939 1552 2965 s.
1580 2940 1615 2965 v.
1644 2926 1773 2979 ἔρεβος
1808 2934 1843 2966 et
1877 2925 2119 2978 ἐπιτρέχειν.
2185 2937 2219 2965 v.
2250 2924 2291 2964 6.
2336 2925 2491 2962 Denas

341 2996 507 3046 syllabas
534 2997 663 3038 breves
690 3012 763 3038 non
798 3005 877 3039 erat
913 3001 1009 3049 quod
1044 3000 1159 3039 latino
1195 3013 1365 3039 sermone
1399 3001 1587 3044 imitarer,
1625 3000 1733 3035 modo
1769 2991 1917 3036 eandem
1954 2999 2148 3035 verborum
2182 2997 2254 3032 vim
2292 2995 2491 3031 redderem.

2469 3389 2474 3397 ι
2499 3386 2563 3398 ’.Λμᾼ
2568 3385 2709 3398 ,μμ-,υμ-
2716 3388 2781 3398 ζι»...
2787 3393 2804 3398 -.
2812 3386 2815 3398 2
