2815 3398
812 346 848 386 6.
915 343 1164 396 περιφραδὴς
1191 344 1306 394 ἀνήρ·

812 416 850 455 7.
915 421 1059 466 κρατεῖ
1086 412 1129 449 δὲ
1158 420 1364 464 μηχαναῖς
1392 412 1601 464 ἀγραύλου

810 486 846 525 8.
913 486 1036 538 θηρὸς
1065 485 1343 535 ὀρεσσιβάτα,
1371 483 1632 534 λασιαύχενά
1658 485 1699 521 θ’

811 555 849 595 9.
913 552 1069 600 ἵππον,
1098 553 1147 592 ὃν
1174 553 1310 599 ἕξεται
1336 552 1581 606 ἀμφίλοφον
1609 553 1748 604 ζυγόν,
1777 552 1914 604 οὔρει-

787 625 848 663 ῙΟ.
917 625 965 662 όν
992 623 1031 659 τ’
1057 623 1226 673 ἀκμῆτα
1252 629 1422 673 ταῦρον.

1250 734 1277 756 σ
1289 734 1317 756 τ
1334 734 1354 772 ρ
1369 733 1390 756 ο
1405 726 1437 772 φ
1452 719 1474 764 ὴ
1508 720 1556 769 β’.

813 792 848 830 l.
919 792 988 827 καὶ
1013 790 1180 840 φθέγμα
1207 793 1278 826 καὶ
1304 790 1478 839 ἀνεμόεν

812 864 849 901 2.
919 860 1109 913 φρόνημα
1137 860 1207 896 καὶ
1236 859 1495 911 ἀστυνόμους

1 935 8 947 ’
810 932 848 970 3.
917 931 1039 980 ὀργὰς
1068 930 1288 974 ἐδιδάξατο
1316 929 1387 966 καὶ
1414 929 1621 975 δυςαύλων

0 1006 9 1016 ’
812 1002 849 1039 4.
917 1000 1058 1050 πάγων
1087 999 1273 1051 έναίὲρια
1300 999 1372 1035 καὶ

0 1055 19 1088 ᾗ
810 1071 846 1108 5.
915 1070 1116 1118 δύςομβρα
1144 1069 1307 1119 φεύγειν
1335 1067 1446 1117 βέλη.

8 1140 31 1161 ‘-
811 1140 849 1178 6.
896 1148 906 1197 ς
920 1139 1183 1189 παντοπόρος

811 1209 850 1247 7.
897 1198 1075 1259 ὶᾶπορος
1102 1208 1165 1245 ἐπ’
1191 1208 1310 1245 οὐδὲν
1338 1209 1504 1258 ἔρχεται
1530 1210 1574 1245 τὸ
1602 1209 1766 1257 μέλλον·

813 1277 851 1317 8.
912 1276 1031 1315 Ἀιδα
1061 1278 1190 1327 μόνον
1445 1291 1447 1294 ’

815 1348 851 1387 9.
919 1348 1061 1397 φεῦξιν
1088 1348 1160 1384 οὐκ
1188 1347 1407 1392 ἐπάξεται,
1446 1346 1580 1385 νόσων
1606 1343 1642 1383 δ’
1668 1346 1891 1398 ἀμηχάνων
1918 1349 2050 1401 φυγὰς

789 1419 850 1456 10.
919 1418 1252 1469 ξυμπέφρασται.

1175 1514 1544 1568 ἀντιστροφὴ
1584 1516 1628 1566 β’.

816 1587 851 1623 l.
921 1585 1054 1637 σόφον
1080 1599 1125 1619 τι
1149 1585 1199 1619 τὸ
1228 1585 1435 1633 μηχανόεν

813 1657 852 1695 2.
895 1592 1072 1704 ἷτέχνας
1098 1653 1198 1706 ὑπὲρ
1227 1655 1360 1691 ἐλπίδ’
1390 1653 1496 1704 ἔχων

810 1725 848 1764 3.
916 1724 1020 1761 ποτὲ
1047 1723 1120 1773 μὲν
1147 1723 1294 1769 κακόν,
1324 1723 1470 1760 ἄλλοτ’
1496 1722 1560 1760 ἐπ’
1588 1723 1741 1762 ἐσθλὸν
1769 1726 1902 1773 ἕρπει,

811 1796 848 1832 4.
916 1794 1063 1842 νόμους
1087 1793 1289 1843 παρείρων
1317 1792 1470 1843 χθονὸς

811 1864 848 1901 5.
914 1864 1020 1900 θεῶν
1045 1861 1084 1897 τ’
1114 1862 1279 1912 ἔνορκον
1307 1861 1438 1900 δίκαν.

814 1933 849 1970 6.
921 1932 1115 1980 ὑψίπολις

812 2001 849 2040 7.
921 2001 1090 2049 ἄπολις,
1119 1999 1201 2051 ὅτῳ
1227 2001 1278 2038 τὸ
1307 2002 1358 2051 μὴ
1385 2002 1513 2039 καλὸν
1539 2002 1729 2050 ξύνεστι,

811 2070 848 2109 8.
913 2072 1071 2121 τόλμας
1100 2073 1234 2121 χάριν.

812 2141 847 2179 9.
917 2141 1010 2191 μήτ’
1038 2141 1127 2192 ἐμοὶ
1154 2143 1378 2191 παρέστιος
1404 2142 1567 2191 γένοιτο
1596 2142 1679 2192 μήτ’
1706 2142 1798 2182 ἴσον
1825 2149 2006 2196 φρονῶν,

790 2213 848 2251 10.
917 2210 959 2257 ὃς
986 2212 1081 2249 τάδ’
1112 2211 1226 2263 ἔρδει.

1290 2309 1519 2359 ἐπῳδόᾳ

814 2379 848 2417 l.
914 2378 949 2421 ἐς
977 2377 1192 2427 δαιμόνιον
1217 2379 1331 2428 τέρας
1359 2379 1546 2431 ἀμφινοῶ

810 2449 848 2486 2.
914 2447 1034 2492 τόδε,
1064 2451 1147 2492 πῶς
1174 2448 1286 2493 εἰδὼς
1313 2449 1569 2498 ἀντιλογήσω

810 2517 847 2555 3.
912 2516 1024 2561 τήνδ’
1053 2518 1125 2553 οὐκ
1153 2518 1259 2556 εἶναι
1285 2519 1401 2556 παῖδ’
1427 2518 1675 2568 Ἀντιγόνην.

812 2587 849 2625 4.
915 2585 943 2624 ὦ
968 2586 1163 2632 δύστηνος

813 2657 849 2694 5.
915 2656 986 2692 καὶ
1014 2656 1221 2701 δυστήνου
1249 2659 1406 2711 πατρὸς
1435 2658 1667 2705 Οἰδιπόδα,

812 2726 849 2764 6.
918 2726 962 2762 τί
992 2726 1103 2773 ποτ’,·
1132 2729 1179 2764 οὐ
1208 2728 1340 2773 δήπου
1368 2728 1413 2766 σέ
1440 2731 1475 2779 γ’
1501 2730 1765 2770 ἀπιστοῦσαν

812 2795 850 2833 7.
919 2802 1006 2839 τοῖς
1035 2797 1303 2844 βασιλείοισιν
1330 2799 1479 2849 ἄγουσι
1506 2799 1645 2849 νόμοις

811 2863 848 2902 δ.
915 2866 981 2901 καὶ
1009 2865 1050 2903 ἐν
1078 2867 1291 2919 ἀφροσύνῃ
1319 2870 1588 2916 καθελόντεςς
