2723 3438
270 408 367 448 inest
390 406 537 446 altioris
562 410 597 445 et
623 403 875 456 generosioris
900 403 1057 454 spiritus
1083 403 1208 451 notio,
1236 402 1373 442 diversi
1402 403 1447 442 ab
1475 403 1564 452 illo,
1591 415 1701 454 quum
1731 404 1841 444 homo
1868 403 1967 443 ferae
1992 404 2130 444 similis
2148 415 2285 455 pascua
2302 418 2414 457 pera·

270 480 413 529 grabat.
466 477 528 515 Sic
553 488 662 525 saepe
685 474 869 526 significat
894 487 969 514 non
996 475 1105 514 modo
1127 475 1307 514 sentiendi
1335 482 1370 512 et
1397 475 1581 524 cogitandi
1610 477 1789 513 rationem
1819 483 1858 512 ut
1877 488 1912 513 v.
1931 474 2029 521 207,
2055 475 2120 513 sed
2138 477 2414 526 generosiorem

269 551 373 589 illam
399 556 435 587 et
461 549 498 585 in
525 547 724 585 altioribus
751 553 956 585 versantem
980 545 1197 596 (Demosth.
1224 546 1269 584 dc
1295 544 1384 585 Cor.
1410 559 1447 596 p.
1472 544 1561 583 246.
1587 545 1627 596 5.
1652 546 1745 594 63),
1773 556 1807 584 et
1834 547 1903 583 h.l
1943 546 2024 583 eius
2052 555 2233 596 tamquam
2261 549 2415 587 disci—

271 620 448 669 plinam
482 617 763 669 (ἐδιδάξατο).
829 617 907 657 lam
943 618 979 656 si
1018 617 1271 667 reputaveris,
1308 617 1449 657 Graeco
1490 618 1633 657 bomini
1672 625 1838 667 φρονεῖν
1876 626 1910 656 et
1951 624 2093 665 πνεῖν,
2134 618 2257 662 ἀῆναι
2295 620 2414 658 videri

271 689 483 737 simillima,
522 690 613 730 adeo
650 695 689 729 ut
723 687 797 726 ἴσα
829 694 949 728 πνεῖν
979 694 1016 728 et
1049 686 1124 726 tora
1159 693 1348 739 φρονεῖν,
1389 694 1642 743 συμφρονεῖν
1682 696 1717 728 et
1750 696 1950 739 στμπνεῖν
1993 690 2213 740 (Demosth.
2247 691 2291 729 de
2327 690 2414 730 Cor.

269 774 308 811 p.
335 759 426 800 284.
455 759 527 810 17)
561 758 707 796 ἄλλοτ’
742 758 854 795 ἄλλα
883 758 1017 797 πνέων
1051 759 1183 809 (Ρίιιᾶ.
1209 760 1314 799 Nem.
1340 760 1409 799 III.
1438 760 1512 811 72)
1545 766 1581 800 et
1615 760 1657 797 ἀ.
1696 761 1737 797 ἀ.
1773 766 1932 812 φρονῶν
1968 762 2060 800 nihil
2101 762 2217 800 ferme
2251 762 2415 806 differat,

270 843 384 881 porro
402 830 586 880 ἀνεμόεν,
607 838 645 868 ut
664 829 817 878 ἀέριον,
837 843 910 869 non
938 843 1024 869 raro
1050 830 1260 880 significare
1286 832 1493 871 sublime
1517 838 1554 871 et
1579 833 1844 878 excelsum,
1874 832 2083 881 μετέωρον,
2110 845 2185 871 non
2205 833 2414 877 miraberis,

270 901 366 953 quod
392 906 502 952 poeta
526 902 595 942 boc
620 901 781 952 epitheto
810 912 899 941 usus
924 908 995 942 est.
1047 901 1272 942 Facultatem
1297 902 1479 954 cogitabis
1506 902 1667 942 bominis
1700 901 1919 942 excultioris
1953 902 2149 942 sublimem
2180 914 2255 941 non
2283 901 2414 946 modo,

269 973 333 1010 sed
361 973 538 1011 sublimia
563 972 770 1022 cogitandi,
798 976 876 1009 τοῦ
900 972 1040 1021 ὑψηλὰ
1065 980 1183 1012 πνεῖν
1210 972 1340 1023 (cuius
1365 971 1594 1012 contrarium
1620 972 1716 1022 apud
1742 973 1895 1011 Pindar.
1923 972 2031 1023 Pytb.
2057 972 2128 1011 Xl.
2156 971 2206 1011 46
2244 972 2415 1023 χαμηλὰ

269 1043 439 1092 πνέων).
467 1064 516 1069 -
551 1042 624 1087 Qui
652 1044 695 1080 de
722 1044 975 1081 celeritate
1001 1044 1185 1094 cogitandi
1212 1044 1270 1081 vel
1296 1043 1445 1082 consilii
1472 1043 1751 1089 intellexerunt,
1779 1043 1935 1082 Homeri
1964 1042 2101 1080 dictum
2127 1042 2219 1079 illud
2246 1043 2299 1081 Jl.
2327 1041 2350 1077 ό
2378 1054 2413 1080 v.

268 1113 445 1151 80—83
472 1114 579 1150 ὅταν
606 1113 697 1157 νόος
727 1114 867 1163 ἀνέρος
896 1113 989 1163 ἀίξῃ
1016 1126 1070 1159 e..
1089 1116 1185 1152 coll.
1214 1114 1350 1163 odyss·
1375 1114 1398 1158 ἦ
1423 1113 1493 1160 36,
1518 1115 1692 1152 adhibere
1716 1121 1895 1163 possunt,
1921 1126 1992 1151 nos
2019 1114 2257 1151 scholiastam
2284 1114 2415 1163 sequi-

270 1194 365 1221 mur.
420 1184 625 1230 Sententia,
652 1196 760 1233 quam
788 1184 992 1221 Boeckhius
1019 1185 1088 1222 sub
1116 1195 1203 1241 voce
1230 1184 1343 1234 ἀνεμ.
1371 1184 1547 1231 subiecit,
1572 1185 1741 1235 argutior
1767 1195 1874 1235 quam
1903 1184 2027 1223 verior
2052 1190 2121 1223 est.

423 1287 455 1313 ο.
483 1274 524 1312 3.
562 1272 733 1325 Ὀργάς,
759 1275 873 1311 animi
902 1275 1060 1323 impetus
1086 1283 1127 1312 et·
1148 1276 1352 1324 appetitus,
1380 1276 1442 1325 qui
1467 1276 1577 1314 etiam
1598 1276 1797 1314 bestiarum
1824 1283 1930 1322 sunt,
1958 1275 2123 1313 additum
2143 1274 2413 1324 ἀστυνόμους,

270 1352 308 1384 ιιι
334 1345 535 1385 declararet
562 1345 695 1384 mentis
721 1345 887 1393 animos,
920 1345 1043 1384 studia
1069 1351 1105 1385 et
1130 1351 1249 1394 artes,
1283 1358 1374 1398 quae
1400 1346 1440 1385 in
1466 1346 1679 1386 civitatibus
1706 1346 1973 1386 constituendis
1999 1353 2036 1386 et
2060 1346 2297 1386 moderandis
2325 1358 2414 1385 ver-

267 1423 415 1462 santur,
450 1416 574 1454 studia
599 1424 634 1454 et
660 1423 759 1454 artes
785 1416 936 1463 civiles,
971 1417 1026 1455 rei
1052 1417 1220 1467 publicae
1246 1417 1495 1468 disciplinam.
1557 1418 1613 1457 De
1639 1430 1728 1457 voce
1755 1417 1904 1456 ἀστυν.
1939 1417 2015 1455 vid.
2052 1417 2189 1455 Dissen
2223 1416 2268 1455 ad
2305 1416 2413 1456 Pind.

267 1487 372 1525 Nem.
399 1487 471 1525 lx.
498 1486 561 1525 75.
587 1494 623 1524 et
648 1487 717 1525 cfr.
743 1487 895 1537 Asehyl.
919 1487 1046 1526 Peras.
1072 1486 1162 1526 853.
1200 1487 1507 1537 πολισσονόμου
1535 1487 1695 1536 βιοτᾶς.

421 1588 456 1614 υ.
485 1577 526 1614 4.
552 1576 593 1614 5.
649 1576 838 1626 ἐναίθρια
865 1589 933 1626 pro
960 1589 1003 1614 eo
1029 1577 1124 1627 quod
1153 1578 1239 1614 libri
1277 1578 1451 1626 praebent
1486 1589 1614 1615 manco
1651 1584 1787 1623 metro,
1825 1576 1992 1627 αἰθρία,
2027 1577 2187 1625 scripsi,
2226 1577 2267 1613 ἐν
2303 1588 2415 1626 prae-

268 1647 378 1695 posit.
405 1647 501 1685 enim
530 1648 720 1685 videbatur
747 1648 786 1685 in
815 1648 944 1686 ultima
971 1648 1073 1686 verbi
1102 1648 1351 1697 praecedentis
1377 1647 1518 1697 πάγων
1542 1649 1681 1695 laterc3
1716 1648 1753 1685 h.
1782 1660 1812 1685 e.
1839 1647 1881 1684 ἐν
1907 1646 2077 1698 αἰθρίᾳ,
2114 1647 2185 1685 sub
2218 1647 2313 1685 Jove
2340 1646 2415 1684 fri-

264 1716 369 1764 gido,
398 1717 555 1766 frigidag
591 1719 698 1764 bene,
726 1730 945 1767 praegresso
971 1718 1119 1756 nomine
1145 1716 1367 1762 δυςαύλων.
1420 1717 1499 1757 Gfr.
1525 1717 1699 1768 Xenoph.
1719 1718 1838 1756 Anab.
1857 1717 1928 1756 IV.
1947 1718 1983 1755 4.
2009 1717 2067 1756 14.
2095 1715 2173 1753 ὑπὸ
2192 1720 2266 1761 τῆς
2285 1715 2413 1767 uispi-

265 1801 312 1831 ας
339 1786 449 1831 δίκην
477 1787 695 1830 ἐδίδοσαν,
730 1790 888 1830 κακῶς
923 1793 1254 1831 σκηνοῦντες.
1283 1808 1333 1815 —-
1372 1788 1430 1825 De
1456 1788 1635 1836 producta
1670 1788 1709 1824 in
1744 1788 1880 1825 cretico
1916 1787 2141 1836 paenultima
2177 1788 2251 1826 vid.
2287 1787 2412 1835 Steph.

264 1858 303 1895 in
331 1857 424 1896 thes.
451 1853 484 1895 s.
520 1870 556 1896 v.
588 1855 736 1907 αἰθρία
763 1864 799 1895 et
824 1856 892 1896 cfr.
918 1855 1145 1905 Boeckhius,
1171 1857 1233 1907 qui
1258 1856 1482 1909 ὑπαίθρεια
1507 1856 1674 1906 scripsit.
1728 1855 1834 1901 Quod
1862 1857 2018 1907 iungunt
2043 1854 2189 1907 αῖθρια
2211 1869 2244 1895 s.
2264 1854 2415 1894 ὑπαίθ.

262 1924 425 1976 πάγων,
452 1926 695 1965 durissimum
723 1931 802 1974 σοι,
828 1932 868 1965 ιιι
896 1926 1005 1976 iunge
1031 1924 1186 1977 ἐναίὲνρ.
1213 1938 1298 1965 cum
1323 1938 1400 1978 seq.
1429 1925 1542 1976 βέλη.
1594 1926 1716 1965 Etiam
1743 1926 1899 1977 frigoris
1925 1932 2012 1965 sunt
2038 1926 2136 1966 sicut
2161 1925 2262 1978 ignis
2290 1925 2410 1976 βέλη,

262 2008 346 2034 nam
374 2003 410 2036 et
435 1997 534 2047 ignis
560 1999 596 2036 ‘et
622 1997 742 2048 frigus
769 1996 886 2035 καίει.
943 1996 1191 2046 opponuntur
1217 2003 1338 2035 autem
1365 1992 1635 2047 quodammodo
1661 1996 1798 2048 frigida
1823 1998 1954 2048 glaciei
1981 2003 2018 2035 et
2044 1998 2200 2047 pruinae
2225 1998 2299 2036 tela
2324 1997 2410 2036 telis

264 2079 460 2106 saevorum
488 2068 684 2115 imbrium,
719 2069 784 2107 illa
811 2069 855 2107 de
879 2069 983 2107 coelo
1009 2081 1158 2115 sereno,
1187 2069 1273 2106 baec
1301 2069 1347 2107 de
1371 2075 1453 2108 atro
1479 2075 1515 2107 et
1539 2069 1759 2108 contristato
1786 2069 2016 2118 ingruentia,
2050 2069 2157 2119 quasi
2192 2067 2410 2119 ngaffipta

266 2139 416 2189 ὄμβρου
443 2139 481 2189 β.
508 2140 640 2190 Eurip.
668 2140 817 2179 Heracl.
845 2139 934 2179 852.
989 2140 1068 2179 crr.
1096 2141 1212 2179 Jliad.
1249 2138 1286 2190 μ’
1320 2138 1396 2178 286
1431 2138 1536 2185 κῆλα
1562 2138 1671 2185 Διός.
1700 2162 1747 2168 -
1784 2138 1963 2191 Ὄμβρος
1990 2140 2099 2178 etiam
2128 2138 2291 2191 χιόνος,
2318 2140 2408 2178 ibid.

267 2223 300 2248 v.
326 2209 422 2258 286,
458 2212 639 2261 χαλάζης
678 2212 808 2262 Oedip.
844 2213 933 2262 Reg.
963 2224 999 2248 v.
1029 2211 1141 2251 1279.
1179 2211 1350 2264 (ὁμβρία
1384 2210 1553 2262 χάλαζα
1590 2210 1679 2250 Oed.
1716 2210 1798 2250 Col.
1834 2223 1868 2249 v.
1909 2211 2044 2260 1502).
2072 2231 2122 2239 ··-
2169 2210 2409 2260 Interpretata

266 2281 456 2329 paululum
482 2294 504 2319 a
532 2283 655 2320 verbis
681 2283 824 2332 graecis
853 2282 1042 2328 recedunt,
1075 2282 1217 2330 integra
1244 2290 1363 2318 tamen
1396 2282 1590 2319 sententia.

419 2394 455 2421 v.
484 2381 523 2420 6.
579 2381 841 2434 παντοπόρος
878 2382 1061 2432 quomodo
1095 2394 1175 2420 cum
1215 2381 1339 2419 verbis
1373 2380 1541 2429 proxime
1581 2379 1884 2429 praecedentibus
1908 2380 2083 2431 coniungi
2118 2380 2239 2430 possit
2264 2386 2348 2429 apte
2374 2387 2411 2419 et

265 2453 541 2497 convenienter,
590 2452 733 2490 tametsi
778 2453 826 2490 ad
871 2454 995 2490 omnia
1040 2454 1234 2502 superiora
1271 2452 1401 2490 referri
1440 2458 1605 2500 apertum
1642 2457 1716 2496 est,
1760 2450 1925 2501 equidem
1954 2462 2037 2508 pon
2074 2450 2255 2501 intelligo.
2319 2450 2409 2489 Vid.

266 2522 423 2559 Boeckh.
475 2524 656 2560 Similiter
694 2523 886 2561 Demosth.
920 2523 964 2560 de
1000 2522 1140 2561 Coron.
1176 2536 1212 2571 p.
1245 2521 1333 2559 228.
1366 2521 1404 2571 5.
1434 2522 1491 2558 tl.
1539 2521 1795 2564 κακοήθης
1841 2519 1884 2556 δὲ
1919 2518 1996 2566 ὤν,
2032 2520 2161 2556 τοῦτο
2196 2521 2410 2565 παντελῶς

267 2590 443 2638 εὔηθες
478 2593 621 2639 ᾠήθης.
677 2594 851 2633 Latinum
888 2595 1068 2633 sollers
1103 2594 1293 2633 videbatur
1328 2591 1548 2641 respondere
1582 2603 1737 2641 graeco,
1770 2603 1882 2642 quum
1917 2599 1953 2631 et
1988 2591 2081 2630 idem
2118 2590 2195 2630 fere
2229 2592 2411 2641 declaret,

267 2664 362 2713 quod
403 2675 532 2714 graece
573 2664 836 2712 παντοπόρος
875 2665 1015 2703 eteius
1043 2663 1183 2704 notatio
1210 2663 1277 2714 (ex
1311 2663 1468 2701 sollus
1508 2663 1534 2700 i.
1570 2675 1602 2701 e.
1644 2661 1775 2712 totus)
1810 2662 1949 2702 similis
1991 2662 2053 2700 sit.
2081 2683 2125 2691 —
2179 2663 2410 2714 Scripseram

267 2736 446 2784 primo:
479 2735 654 2781 ‚‚sollers,
683 2735 780 2774 iners
807 2736 884 2773 adit
910 2736 1001 2774 nihil
1029 2756 1075 2765 —
1099 2736 1194 2785 quod
1220 2741 1275 2772 est
1302 2734 1487 2780 futurum,
1513 2742 1551 2772 at
1574 2735 1674 2771 necis
1702 2746 1777 2772 non
1803 2734 1926 2783 fugam
1954 2733 2149 2783 parabit“;
2186 2743 2316 2784 post:
2351 2748 2410 2782 ‚,s.

267 2806 292 2843 i.
320 2818 354 2843 a.
385 2819 420 2844 n.
449 2806 589 2852 futura,
616 2808 737 2844 solum
766 2807 911 2850 necis“‚
947 2818 978 2843 e.
1007 2818 1041 2857 q.
1069 2818 1099 2843 s.
1130 2819 1182 2852 ης
1210 2816 1304 2842 nunc
1330 2806 1475 2851 scribo,
1510 2806 1643 2842 ceteris
1670 2805 1920 2855 antegressis:
1966 2805 2099 2844 Ditis
2135 2813 2309 2852 tamen,
2349 2806 2410 2844 sa-

268 2885 347 2913 teor
374 2884 513 2921 tamen,
539 2879 594 2914 sic
622 2878 743 2914 nihil
774 2878 799 2914 i.
830 2890 859 2914 e.
887 2879 990 2914 nulla
1016 2878 1055 2914 in
1083 2890 1142 2921 re,
1176 2889 1246 2913 non
1273 2878 1421 2924 perinde
1450 2878 1615 2925 placere,
1642 2886 1676 2914 et
1704 2886 1852 2914 tamen
1880 2876 2055 2926 (μόνον)
2075 2879 2194 2914 levius
2214 2878 2409 2914 videri.—

267 2945 309 2983 1n
337 2946 450 2984 verbo
483 2946 615 2995 fugat
651 2960 747 2985 vers.
783 2960 857 2995 seq.
895 2949 1061 2984 ultimam
1097 2947 1276 2995 produxi3
1314 2947 1369 2983 sic
1400 2948 1496 2995 apud
1533 2947 1708 2985 Ovidium
1749 2949 1898 2988 solEt.
1939 2949 2036 2996 apud
2074 2948 2201 2986 luven.
2239 2956 2408 2985 nescu.

267 3014 391 3054 Vitari
421 3018 560 3065 potuit,
588 3018 618 3054 si
650 3017 908 3065 scripsissem:
941 3024 1024 3064 „ast
1051 3015 1341 3066 inexplicabilem
1367 3016 1464 3054 luem
1495 3037 1540 3044 —
1568 3016 1672 3065 pellit
1698 3020 1824 3063 arte⁴‘3
1852 3018 1916 3055 sed
1945 3017 2060 3056 nolui.
2088 3038 2136 3046 —
